2626 4816
135 385 173 447 Js
387 378 435 443 u.
460 346 586 443 raeti
607 375 925 461 Qururmram

130 644 1000 675 WWVWWWMWMWUWWWMWQ
1004 646 1149 668 mmmm
1152 648 1180 665 u

505 842 804 929 CCXLVIII.

354 1084 440 1154 Octo
456 1085 541 1152 uuut'
556 1079 684 1180 duplit's
717 1079 962 1180 imprudentiae.

129 1295 339 1354 laetaniam
356 1304 449 1345 casum
464 1300 630 1343 namatius
647 1301 863 1356 Qutuouuumo
879 1302 1026 1357 arseium
1043 1303 1182 1344 assutam

167 1404 361 1449 auratarum
374 1402 482 1442 arcear
493 1400 653 1442 occruaas.
667 1380 730 1458 Qui
743 1380 859 1441 eaedem
872 1403 926 1464 per
937 1382 1181 1464 imprudentiam

168 1485 380 1557 commiserat,
394 1481 472 1539 abiit
488 1482 523 1538 in
536 1477 694 1539 exsilium:
708 1477 753 1537 ibi
768 1472 861 1537 tertio
874 1499 959 1539 anno
972 1478 1070 1538 exsilli
1089 1476 1182 1538 aliam

169 1580 285 1644 caedem
297 1577 440 1641 slmiliter
451 1575 624 1636 commisit:
641 1572 775 1655 explevit
786 1584 908 1656 tempus
920 1574 1129 1656 quinquennii
1148 1592 1182 1636 ex

168 1700 205 1742 eo
222 1689 379 1762 tempore,
399 1690 463 1759 quo
480 1675 594 1734 iterum
610 1672 776 1733 occiderat.
793 1673 986 1734 Redeuntem
1003 1673 1096 1732 Illum
1112 1685 1185 1755 post

57 1774 62 1799 ‘
169 1791 313 1839 octavum
326 1792 446 1836 annum
461 1771 576 1834 oceidit
590 1771 721 1852 quidam
735 1771 820 1831 iutra
831 1768 918 1831 fines.
932 1774 1012 1832 Reus
1024 1786 1070 1832 est
1080 1771 1183 1832 caedis.

478 1961 832 2027 DECLAMATIO.

177 2129 257 2198 Non
278 2125 447 2197 continuo
463 2123 594 2195 occisus
615 2122 724 2195 homo
745 2122 790 2193 ad
811 2123 946 2193 crimen
965 2142 999 2193 et
1019 2121 1063 2192 ad
1086 2122 1186 2194 dam-

129 2240 308 2312 nationem
335 2237 508 2337 pertinet,
533 2263 646 2335 quum
668 2236 735 2309 hoc
758 2236 899 2309 interim
917 2237 1052 2336 legibus
1070 2238 1184 2310 lacere

129 2357 241 2428 liceat.
264 2353 410 2444 Quoties
434 2372 556 2425 autem
577 2352 675 2442 lieet,
700 2352 826 2425 etiam¹
849 2373 994 2452 oportet.
1016 2355 1184 2426 Exsulem

130 2466 284 2543 occidere
313 2469 404 2543 intra
425 2467 514 2540 lines
537 2460 644 2540 licet:
673 2466 708 2538 id
729 2467 789 2568 jus
815 2467 1000 2568 dupliciter
1022 2468 1184 2540 efficitur.

128 2590 199 2658 Aut
213 2585 311 2659 enim
325 2584 434 2676 redit,
451 2584 508 2658 cui
524 2583 696 2656 omnino²
713 2582 807 2675 licet,
828 2604 888 2656 aut
904 2612 977 2656 non
992 2584 1098 2674 redit,
1115 2586 1185 2657 nisi

129 2700 235 2775 licet:
259 2700 376 2773 nescio
398 2702 443 2772 an
468 2724 508 2771 ex
528 2699 569 2773 iis
591 2699 730 2771 duobus
755 2699 858 2772 etiam
874 2699 1005 2800 justius
1025 2698 1187 2771 videatur

130 2804 261 2906 occidi,
284 2843 397 2915 quum
420 2810 511 2887 redit
531 2835 650 2885 contra
673 2812 786 2910 leges,
809 2812 870 2910 qui
893 2810 1083 2907 aliquando
1101 2814 1186 2913 jure

130 2932 303 3004 rediturus
322 2931 375 3002 sit.
399 2929 506 3000 Illum
524 2929 621 2999 enim
639 2954 721 2999 sane
739 2927 910 3026 cupiditas
932 2927 1050 3025 patriae
1072 2948 1105 3000 et
1125 2929 1187 3000 ul-

129 3047 217 3118 tima
242 3043 435 3143 desperatio
461 3064 560 3141 cogat
587 3042 777 3140 aliquando
800 3044 938 3115 lurtum
965 3044 1075 3116 lacere
1095 3045 1183 3144 juri.

130 3164 295 3233 Praeterea
316 3186 428 3259 quum
450 3180 511 3231 aut
531 3160 578 3230 ita
599 3179 811 3232 revertantur
832 3159 978 3250 exsules,
997 3181 1184 3259 tamquam

131 3278 168 3350 in
184 3278 251 3348 hoc
267 3275 407 3365 fallant,
424 3296 485 3348 aut
500 3275 548 3346 ita
567 3297 750 3372 tamquam
770 3275 825 3346 his
843 3277 958 3348 facere
974 3276 1095 3366 liceat,
1116 3278 1185 3349 ali-

131 3392 273 3490 quando
290 3391 401 3490 magis
417 3391 441 3462 ii
458 3391 637 3464 occidendi
654 3411 751 3479 sunt,
772 3392 833 3490 qui
850 3393 969 3490 palam
991 3414 1108 3465 contra
1124 3394 1185 3494 jus

130 3529 370 3581 revertuntur:
395 3507 462 3581 illis
484 3508 582 3580 enim
600 3509 785 3580 remissum
807 3510 943 3582 furtum
966 3537 1038 3581 non
1060 3511 1184 3609 utique

183 3711 205 3746 1.
219 3694 305 3760 licet,
320 3693 408 3745 etiam.
421 3695 506 3764 Lege:
530 3694 636 3760 thoes,
677 3693 789 3746 Videtur
803 3695 959 3764 legendum,
976 3699 1020 3749 cui
1040 3716 1094 3749 nou
1114 3697 1183 3751 licet.

133 3777 447 3846 anouetiamoportet.»
463 3775 552 3828 Cicer:
570 3779 637 3830 uIIst
676 3779 738 3829 Non
764 3792 804 3829 est
825 3796 896 3829 nova
920 3777 1016 3829 horum
1039 3778 1185 3831 verborum

134 3880 145 3905 a
155 3857 202 3909 ubi
214 3855 292 3927 quid,
304 3855 377 3926 quod
387 3856 481 3924 liceat,
490 3878 546 3910 non
557 3878 639 3929 opor·
677 3860 837 3929 permutatio
846 3859 1011 3911 inveteribus
1019 3856 1102 3912 libris.
1109 3862 1184 3913 P1rtt.

123 3960 145 3995 ¹a
157 3949 218 3988 teat.
231 3959 242 3982 u
257 3934 324 3989 Vide
338 3936 413 3987 Grot.
430 3935 531 3989 delur.
545 3934 598 3990 Bel.
611 3950 638 3991 et
677 3936 771 3989 Forte:
784 3939 856 3988 utut
867 3940 937 3989 enim
944 3937 1030 3990 redire
1038 3939 1062 3989 ei
1072 3941 1183 3991 omnino

130 4019 191 4071 I’ac.
204 4016 255 4082 ΙΙΙ,
269 4017 337 4082 tv‚§.
355 4034 378 4067 a.
393 4015 503 4069 &uuna
681 4023 757 4069 a'non
778 4017 853 4081 lieet;
876 4032 920 4070 aut
944 4038 1007 4070 nou·
1023 4019 1104 4086 redit,
1132 4023 1185 4076 uisi

167 4115 191 4154 a.
204 4097 259 4155 Aac
276 4099 346 4149 enim
364 4098 444 4163 redit,
463 4100 506 4153 cui
520 4098 635 4169 omniuo.
681 4118 784 4171 equum
796 4099 865 4153 licet.
877 4124 888 4149 n
902 4101 1025 4154 Gnouova
