2626 4816
132 425 175 492 52
386 422 433 488 M.
459 422 586 487 FABII
607 422 931 507 QUINTILIANI

131 549 286 649 quadam
296 546 938 648 conjecturacaperepossumus:num
948 546 1090 620 minust

131 664 207 735 sine
230 662 300 753 his,
325 688 415 733 nrum
440 660 559 732 minus
582 661 778 761 pertinaci-ae
802 661 971 734 desertis?
985 664 1090 760 Aget

130 775 474 874 hoc-noncogitatis,
495 776 591 872 quod
608 803 676 849 nec
689 776 831 876 publica
846 777 993 848 retinere
1007 777 1091 875 jura

129 913 264 994 putant.
293 891 445 962 Miratur
467 891 596 988 aliquis
617 891 740 964 timere
765 920 823 964 me
848 892 983 982 hostes,
1006 920 1090 992 quot

129 1005 387 1106 transfugiunt?
401 1006 452 1078 illi
472 1034 530 1078 me
548 1033 620 1079 non
638 1007 774 1079 timent.
795 1008 1011 1098 Caveamus,
1024 1007 1089 1078 obs

131 1124 220 1195 dum
237 1122 354 1223 plures
371 1148 505 1193 sumus.

129 1400 1090 1425 mmmmmwlmmmm

558 1622 759 1702 C'CLVl.

256 1946 258 1953 y
370 1853 533 1926 Furiosus
548 1852 823 1952 triumfiliorum
838 1870 947 1953 pater.

129 2055 192 2133 Qui
213 2069 274 2115 tres
295 2051 375 2114 filios
394 2051 548 2129 habebat,
570 2051 649 2114 duos
670 2049 725 2135 per
745 2053 886 2115 furorem
907 2053 1036 2128 occidit;
1062 2076 1080 2114 a

472 2163 615 2227 sanatus,
629 2149 752 2211 abdicat
763 2172 845 2211 eum.

487 2345 836 2435 necaturum.

178 2509 339 2579 Poteram
352 2506 463 2579 etiam
478 2505 597 2579 sinon
612 2506 790 2598 irascerer,
808 2506 990 2599 abdicare,
1005 2528 1090 2581 tamt

25 2706 27 2710 μ
129 2619 246 2696 bonus
260 2643 366 2721 pater.
389 2622 524 2693 Omnia
544 2622 588 2694 de
609 2624 750 2694 fortuna
765 2649 844 2695 mea
861 2622 987 2714 timeo,
1007 2650 1090 2694 omn

130 2762 202 2814 tam
218 2739 332 2840 fragili
344 2720 356 2830 ,¹
375 2761 500 2813 actam
516 2740 679 2812 mutabili
694 2762 834 2826 mente:
851 2760 885 2811 et
899 2761 1040 2840 propter
1052 2741 1090 2812 h<

131 2854 324 2927 mittendus
352 2853 442 2924 mihi
466 2881 494 2926 a>
511 2853 619 2926 demo
644 2853 738 2925 filius
763 2873 856 2944 erat,
884 2882 930 2925 ne
955 2855 1090 2926 incidet

132 2998 255 3043 meum
270 2971 438 3042 furorem.
449 2968 528 3040 -Sed
545 2991 721 3069 quatenus
737 2991 771 3042 et
788 2997 906 3043 causas
923 2999 1066 3072 quoque
1086 3005 1090 3043 .·

132 3085 279 3161 cationis
292 3077 569 3184 interrogorfid
586 3107 654 3178 est,
669 3086 770 3186 ‘quod
788 3088 881 3186 cogit
896 3088 959 3180 me
971 3091 1090 3188 ireque

130 3294 201 3345 cere,
221 3288 250 3329 ut
266 3274 310 3328 alii
327 3272 443 3326 codices.
461 3273 551 3340 Quare
567 3271 637 3344 lege·
677 3274 815 3328 vindicent
824 3280 951 3329 acerrime
960 3291 1088 3332 contume

129 3375 201 3423 rem,
211 3373 299 3409 omnes
307 3353 336 3404 lti
341 3389 350 3417 ,
360 3352 382 3404 si
389 3351 566 3422 reliquerunt,
576 3362 638 3418 etc„
677 3353 731 3407 lam
743 3356 806 3426 ipsis
818 3357 917 3407 factam
927 3359 955 3408 in
966 3376 1078 3411 uxorum

130 3434 432 3509 manifestiorequadam
442 3435 589 3505 conjectura
596 3453 638 3485 ca·
679 3449 706 3487 et
724 3436 868 3490 adulteriis.
891 3440 1064 3510 Desperatius
1083 3461 1090 3512 1

131 3531 393 3592 perepossumusncn
401 3514 641 3567 minusanimisine
681 3517 1090 3594 buntdesertiatransfugis,pot

133 3597 188 3664 liis,
204 3614 261 3647 non
277 3594 365 3644 minus
376 3592 530 3665 pertinaciae
539 3592 641 3646 desertis
681 3616 777 3651 uxores
796 3599 913 3652 ludibrio
932 3599 1088 3655 habuerunt

127 3680 199 3754 fore.
216 3679 243 3730 Si
265 3675 294 3728 hi
315 3676 456 3746 transfugae
476 3675 641 3748 reliquerunt
680 3691 804 3730 metuunt
817 3697 852 3730 ne
866 3680 1026 3751 transfuga,
1041 3683 1090 3734 nol

134 3778 229 3814 uxores
244 3755 403 3829 stuprandas
416 3754 449 3808 ab
460 3756 527 3822 illis,
538 3757 584 3829 qui
593 3776 641 3809 vo·
680 3755 797 3824 toribus,
810 3757 974 3810 ulciscantur
985 3773 1090 3813 contun

134 3835 641 3906 luntscelustransfugarumillacontu-
679 3838 784 3891 Debent
802 3852 892 3890 autem
913 3843 1056 3912 conjungi,
1079 3864 1090 3896 r

133 3920 211 3974 melia
220 3915 395 3981 ulcisci‚inde
403 3917 535 3987 conjicere
543 3934 641 3987 possu—
681 3923 874 3995 runtconjuqes
884 3921 912 3974 in
925 3921 1068 3976 ludibrium
1083 3947 1090 3978 t

133 3997 641 4066 mus‚n0nminueanimiforehostibus,
681 3996 709 4049 id
726 4012 781 4063 est,
798 3998 929 4066 hostium,
947 4002 992 4072 qui
1011 4021 1039 4055 se
1056 4023 1090 4056 eo

136 4080 172 4133 ad
184 4099 212 4134 se
224 4075 354 4142 tuendos,
363 4095 412 4143 ne,
423 4076 445 4128 si
457 4090 547 4128 nostra
558 4095 641 4148 opera
681 4077 772 4131 ulcisci
784 4077 868 4134 velint
884 4098 900 4132 a
916 4081 1017 4135 scelere
1033 4097 1090 4138 tran

133 4150 486 4232 aieitasernugnataluerit,
497 4159 641 4229 transfugae
681 4177 750 4212 rum.
762 4161 847 4214 Banu.
984 4228 999 4255 Ι
