2626 4816
326 363 751 483 nEanMATmuEs.
774 413 966 480 GCXLIX.
1131 412 1173 479 23

442 551 823 673 ι1)Ε(]ΙΛΑΜΑΤΙΟ.

180 764 351 839 adulterii
378 791 473 845 ream
499 765 639 839 defero:
668 785 769 864 puto,
796 764 863 837 hoc
887 763 1033 837 auribus
1056 763 1174 840 vestris

126 905 193 951 non
215 906 349 957 novum
372 879 510 957 crimen
531 900 603 955 est:
632 879 728 976 quod
749 879 827 953 satis
849 900 920 970 est,
942 906 1014 960 non
1040 878 1085 959 ab
1109 877 1175 961 hac

125 994 227 1092 coepi:
250 993 393 1094 qualem
417 1021 564 1071 vcausam
587 993 818 1093 pertulerim,
835 993 890 1075 ¹sie
917 993 1085 1073 aestimere
1108 1018 1176 1091 pc-

126 1109 212 1182 testis
234 1137 241 1181 :
264 1110 394 1210 petitur
418 1111 527 1191 altera
550 1109 696 1185 abolitio
716 1137 723 1182 :
742 1109 799 1188 ille
818 1109 972 1208 optavit:
999 1109 1071 1183 haee
1090 1134 1178 1207 prae-

127 1225 253 1298 scribit:
277 1246 403 1299 neuter
423 1247 547 1326 negat:
568 1247 692 1326 postea
709 1225 852 1316 videbo,
875 1253 920 1299 an
944 1224 998 1299 isti
1024 1245 1179 1324 oporteat

127 1361 259 1414 tantum
281 1343 454 1441 praestari,
478 1362 652 1442 quantum
669 1342 742 1414 uiro
758 1341 852 1414 forti.
877 1341 1022 1412 Interim
1043 1360 1178 1413 semota

126 1481 352 1552 personarum
373 1457 526 1548 ratione,
550 1456 665 1558 ipsam
684 1476 845 1533 excutere
869 1455 985 1554 legem
1008 1453 1098 1528 volo.
1122 1456 1178 1527 Nn

126 1591 274 1663 nourr,
298 1573 440 1674 inquit,
466 1593 544 1646 cun
564 1593 759 1646 mucram
779 1591 899 1652 nomn
922 1590 1176 1662 neutro,u1s1

127 1709 220 1762 anns
242 1709 323 1765 cun
344 1710 539 1765 contracto
560 1709 705 1763 nccare.
722 1688 859 1769 Differo
878 1688 958 1776 illa,
978 1713 1057 1786 quae
1075 1686 1177 1763 fecit:

124 1803 264 1893 differo,
288 1833 365 1905 quae
384 1833 508 1906 'passus
529 1833 626 1895 sum;
646 1805 768 1886 hocin
791 1805 971 1905 praesentia
988 1804 1082 1895 dico„
1105 1831 1178 1875 non

129 1918 243 2016 utique
257 1947 399 2021 semper
414 1922 524 2021 exigi,
545 1943 586 1995 ut
602 1921 700 2020 prius
714 1943 837 2020 agatur
851 1947 936 2001 cum
952 1919 1122 1993 adultero.
1139 1919 1179 1990 ld

129 2035 242 2127 vebis,
263 2036 424 2138 judices,
444 2037 614 2138 facillime
640 2038 845 2137 persuaderi
870 2037 1020 2138 poterit,
1047 2038 1076 2110 si
1105 2063 1177 2119 nun

130 2170 194 2235 tarn
214 2152 381 2255 injustos,
402 2181 521 2254 neque
542 2176 613 2229 tam
632 2154 877 2254 imprudentes
902 2153 1104 2229 existimatis
1129 2152 1181 2224 le-

132 2293 207 2364 gum
227 2269 353 2343 latores
375 2272 504 2364 fuisse,
527 2293 567 2345 ut
590 2273 789 2346 necessitate
811 2272 1093 2372 praestringerent
1114 2297 1178 2360 ea,

133 2409 198 2481 qua
214 2388 366 2486 praestari
378 2415 454 2469 ,non
469 2409 617 2488 possent.
638 2390 729 2463 Satis
744 2390 818 2464 sine
836 2389 946 2470 dubio
957 2387 1014 2463 lex
1030 2388 1106 2487 ipsa
1122 2386 1180 2461 di·-

136 2501 249 2591 cendo,
267 2530 310 2577 ne
320 2511 420 2604 prius
435 2531 515 2578 cum
530 2505 687 2578 adultera
702 2522 844 2604 apator,
861 2531 968 2605 quam
982 2530 1061 2578 cum
1074 2503 1179 2576 odul-

138 2628 197 2686 tero
211 2634 332 2694 actum
343 2621 475 2718 fiterit,
499 2618 667 2709 ostendit,
691 2617 865 2691 sedebis
888 2618 1002 2715 loqui,
1026 2644 1178 2714 quorum

140 2750 270 2832 uterque
287 2737 438 2813 accusari
455 2756 576 2835 potest.
591 2734 804 2808 Admonebo
821 2755 938 2806 tamen
956 2761 1029 2806 uno
1049 2753 1112 2806 aut
1125 2733 1178 2805 al-

140 2863 197 2918 tero
219 2872 448 2949 argumento,
473 2871 641 2948 quantam
666 2850 721 2923 lex
744 2849 841 2949 ipsa,
864 2849 894 2923 si
918 2850 965 2921 ita
985 2848 1178 2948 accipitur,

143 2988 267 3058 passura
276 2967 442 3067 injuriam
451 2968 517 3041 sit:
532 2969 711 3066 fingamus
723 2967 823 3042 enim
835 2965 1037 3043 adulterum
1049 2965 1104 3039 vel
1116 2973 1179 3043 sua

143 3078 314 3172 voluntate„
333 3084 389 3162 ,vel
410 3083 458 3156 ita
477 3082 726 3159 interueniente
741 3083 813 3162 fato
826 3080 950 3163 ‘statim
971 3081 1178 3188 decessisse:

145 3187 196 3266 hoc
205 3195 339 3297 justum
352 3199 481 3298 poterit
493 3198 621 3289 videri,
646 3220 684 3270 ut
694 3195 870 3297 queniam
887 3197 1038 3280 alterum
1058 3196 1179 3280 debito

146 3313 293 3410 supplicio
307 3316 376 3386 fata
391 3314 641 3405 subtraxerint,
654 3314 763 3399 altera
776 3339 917 3411 quoque
927 3312 1177 3419 impunitatem

146 3429 319 3502 mereatur?
336 3431 527 3529 Fingamus
540 3430 692 3503 alterurn
703 3429 916 3503 conscientia
931 3426 1088 3502 criminis
1100 3454 1179 3525 pro
1278 3506 1284 3518 ,

148 3533 267 3636 fugisse,
289 3544 389 3616 nu'ilo
412 3544 518 3617 modo
538 3546 652 3627 facere
672 3545 730 3627 :sui
755 3562 977 3645 potestatem,
1000 3541 1180 3640 numquid

148 3651 280 3752 erigetis,
306 3661 442 3734 ntideo
463 3687 546 3738 cum
571 3659 728 3737 adultera
743 3685 822 3732 non
844 3678 983 3756 agatur,
1007 3657 1177 3754 qnoniam

150 3763 261 3845 adulter
275 3775 409 3846 crimen
420 3798 542 3846 verum
556 3801 629 3846 esse
641 3774 817 3857 confessus
827 3772 893 3845 sit?
903 3771 1007 3855 nulfo
1020 3771 1127 3843 modo
1142 3770 1178 3843 id

147 3875 257 3973 justum
271 3890 379 3980 videri
393 3913 525 3991 potest;
546 3918 630 3965 nam
654 3891 682 3963 is
704 3890 766 3990 qui
788 3889 892 3978 dicit,
917 3915 998 3969 cum
1019 3887 1176 3967 adultero

151 3995 225 4086 Prius
237 4031 336 4105 agere
348 4006 470 4097 debes,
490 4006 581 4079 illud
596 4005 693 4096 dicit,
709 4006 909 4107 priuscum,
919 4002 1075 4074 adultero
1090 4027 1175 4100 age:

153 4105 303 4213 fingamus
319 4123 418 4197 enirn
431 4124 486 4197 vel
501 4152 522 4196 a
535 4142 567 4200 t'e
583 4123 673 4222 ipsa„
689 4123 744 4198 vel
760 4121 804 4198 ab
819 4120 886 4196 alia
901 4118 1001 4193 nobis
1016 4116 1180 4201 adulterii
