2626 4816
258 326 261 331 ’
335 359 915 435 υΕοιΑΜΑΤιοΝΕε.οοιν.
1113 367 1155 451 49

456 776 715 919 ⁵,CCLV.

413 1081 615 1180 Transfuqae
633 1080 848 1153 excludendi.

129 1286 191 1348 inter
204 1288 280 1349 duas
295 1287 434 1348 civitates
447 1286 567 1348 bellum
582 1300 662 1348 erat:
683 1287 718 1346 in
734 1286 865 1347 alteram
884 1285 976 1347 multi
992 1286 1162 1369 transfuga

231 1385 415 1446 veniebant:
430 1384 492 1445 fert
504 1384 634 1466 quidam
648 1384 765 1466 legem,
778 1405 819 1445 ne
829 1385 1027 1468 recipiantur.

539 1571 723 1638 SERMO.

157 1735 298 1800 Proxime
317 1731 360 1797 ad
377 1732 540 1798 suasorias
559 1728 688 1796 accedit
709 1730 775 1795 hoc
794 1754 918 1820 genus:
938 1756 1015 1796 nam
1037 1747 1071 1797 et
1087 1757 1161 1816 sua·

126 1841 282 1929 sorianum,
300 1855 335 1903 et
349 1837 431 1927 legis
448 1837 557 1903 suasio
577 1853 611 1900 et
627 1835 790 1902 dissuasio
813 1855 872 1902 est.
896 1840 984 1927 Ergo
1001 1837 1091 1904 dicet
1114 1841 1161 1919 is,

127 1947 168 2036 qui
178 1938 283 2038 legem
298 1947 403 2026 feret,
418 1945 485 2010 non
502 1965 574 2041 esse
589 1942 769 2038 honestum
786 1946 936 2036 recipere
956 1946 1160 2036 transfugas,

120 2049 188 2119 'nihil
204 2053 382 2144 prodesse:
403 2053 541 2118 forsitan
557 2051 599 2117 ad
613 2052 716 2117 finem
731 2053 811 2118 belli
824 2063 845 2118 ¹.
865 2049 1041 2120 Summum
1058 2052 1161 2137 illud,

126 2179 240 2252 propter
254 2161 346 2253 quod
363 2161 417 2226 lex
434 2161 550 2241 fertur,
567 2150 794 2250 periculosum
811 2185 894 2229 esse.

412 2419 418 2433 ,
457 2361 808 2426 DECLAMATIO.

162 2509 296 2593 Etiamsi
313 2545 387 2591 non
402 2539 490 2591 esset
506 2517 544 2589 in
560 2545 600 2589 eo
618 2539 707 2590 statu
725 2517 877 2610 bellum,
890 2541 931 2592 ut
943 2507 1088 2594 honesta
1103 2549 1162 2594 co-

131 2632 213 2728 gitare
227 2656 383 2709 vacaret:
406 2635 460 2707 vel
480 2661 562 2706 cum
582 2633 739 2732 periculo
758 2654 894 2723 tamen,
914 2637 1049 2733 optima
1066 2658 1099 2709 et
1116 2637 1162 2708 ad

131 2747 238 2824 samam
252 2737 346 2824 itura
354 2752 494 2841 fecisse,
515 2750 657 2822 fortasse
674 2750 855 2821 honestius
869 2749 977 2839 foret,
1001 2778 1108 2850 quam
1123 2771 1163 2823 ut

132 2863 239 2940 obstare
259 2867 391 2940 utilitas
410 2865 609 2938 videretur:
632 2890 729 2935 nunc
759 2863 880 2935 minus
897 2864 1029 2955 laudis,
1048 2865 1161 2939 immo

133 2976 188 3074 plus
203 3004 319 3055 tamen
334 2979 526 3055 securitatis
541 2999 607 3069 est,
623 2978 770 3052 honesta
786 2980 910 3051 facere.
925 2983 1040 3052 Nemo
1056 2981 1163 3080 igitur

134 3091 314 3170 dubitaverit
329 3095 547 3196 turpissimos
565 3121 655 3184 esse,
673 3094 735 3193 qui
751 3095 1012 3194 transfugerint.
1032 3098 1165 3196 Specte-

133 3215 295 3286 musenim
310 3240 385 3286 rem
399 3212 528 3312 ipsam,
540 3237 655 3309 neque
666 3237 707 3283 eo
719 3209 954 3310 decipiamur,
968 3213 1064 3311 quod
1075 3213 1162 3286 utile

133 3323 259 3402 videtur:
274 3329 381 3402 hostis
393 3326 530 3427 est‚qui
540 3326 638 3398 facit:
654 3325 754 3398 aliter
769 3326 1042 3415 constituamus,
1052 3355 1163 3428 quam

77 3476 80 3549 j
134 3443 641 3546 utintelligamus²potuissehoc
650 3442 959 3514 etnostrosiacere.
969 3446 1163 3543 Nunquam

77 3554 79 3631 ἐ
124 3559 1164 3660 4Ρτοάεεῑιηειίιιιηωεεηιρίιιῐηεεῑίειηιείἱι]Ρτεεες>ειιῑίοεοῑιεὶοιιε

134 3677 264 3769 quadam
276 3679 442 3768 delectat,
456 3677 666 3748 infuturum
682 3697 799 3747 tamen
811 3675 915 3747 altius
928 3697 1040 3748 nocet.
1051 3678 1165 3749 Proxi-

134 3812 192 3864 mos
211 3795 372 3868 existimo
390 3821 461 3866 esse
485 3821 541 3865 eos
567 3793 758 3891 tranfugis,
779 3819 800 3862 a
823 3792 954 3891 quibus
978 3793 1163 3892 transfugae

161 3959 179 3996 ¹.
190 3946 229 4000 dd
233 3946 320 4022 finem
333 3947 403 4001 belli.
418 3945 462 3999 Ad
470 3947 497 4018 f.
512 3946 535 3998 b.
551 3948 617 3998 reci·
658 3955 889 4009 tuamuscausam,
902 3953 965 3993 utet
974 3941 1162 4014 intelliqamus.

133 4019 226 4086 piandos.
240 4031 331 4082 AEnou,
657 4015 1166 4086 Scousn-Occasionequadam.Fran·

161 4122 179 4157 a.
190 4109 271 4180 Quam
280 4123 312 4164 ut
320 4105 508 4181 innuimus,
519 4105 619 4160 com.
657 4100 715 4152 cius
724 4096 841 4151 malebat
849 4096 984 4168 quiddam.

219 4200 243 4254 6.
1024 4189 1041 4255 4
