2626 4816
381 338 426 401 u.
451 335 577 400 riou
600 334 920 418 Qutnrnnnur

476 547 827 614 DECLAMATIO.

189 710 405 783 DEPOSITUM
433 730 498 798 QUI
521 731 726 785 INFICIATUS
752 730 903 796 FUERlT,
928 724 1181 794 QUADRUPLUM

132 843 283 896 SOLVAT.
301 825 476 916 Infician,
500 848 550 898 est
565 827 763 925 depositum
784 826 878 898 nolle
895 823 1036 896 solvere.
1059 823 1183 918 ltaque

132 965 176 1009 ne
190 938 278 1011 actio
289 939 433 1037 quidem
444 939 517 1012 haec
527 942 601 1013 dari
612 962 739 1040 potest,
756 941 822 1014 nisi
835 941 996 1012 adversus
1006 965 1107 1024 eum,
1121 934 1183 1036 qui

134 1054 319 1126 damnatus
332 1056 447 1134 fuerit.
458 1059 510 1129 Eo
521 1058 617 1135 enirn
628 1079 785 1157 tempore
793 1077 1113 1154 queraturnecesse
1122 1072 1184 1141 est,

134 1194 180 1239 an
199 1169 327 1241 habeat
345 1171 556 1269 pecuniam,
577 1194 672 1245 etan
690 1172 884 1244 inficietur:
906 1197 1021 1268 neque
1035 1167 1184 1240 omnino

134 1285 375 1385 quadruplum
392 1289 520 1361 solvere
535 1290 654 1380 debet,
671 1289 737 1361 nisi
749 1288 855 1361 simul
868 1289 1043 1360 convictus
1056 1314 1063 1356 :
1077 1309 1185 1384 quare

135 1398 163 1469 si
181 1399 272 1470 hanc
294 1422 429 1474 tantum
447 1425 604 1502 negasset
620 1404 828 1504 aliquando,
847 1424 879 1474 et
899 1423 1018 1501 postea
1038 1399 1187 1472 obtulis-

135 1532 205 1601 set,
235 1541 306 1585 non
330 1535 448 1588 tamen
471 1540 605 1617 poterat
627 1518 738 1590 videri
762 1517 958 1615 quadruplo
989 1515 1184 1613 obligatus,

137 1656 249 1725 quum
266 1631 332 1703 hoc
350 1632 467 1732 ipsum
483 1634 724 1733 quadruplum
739 1661 820 1705 cum
838 1660 877 1704 ea
891 1659 1032 1704 summa
1046 1630 1186 1701 habue-

135 1745 198 1833 rit,
221 1775 298 1844 quae
314 1773 470 1848 negatur.
491 1751 587 1841 Quid
603 1752 631 1822 si
647 1772 680 1821 et
695 1750 872 1824 absolutus
889 1772 939 1821 est
951 1748 1018 1821 hoc
1031 1746 1186 1847 judicio,

137 1888 249 1956 quum
274 1863 309 1933 in
332 1867 572 1965 quadruplum
595 1867 753 1937 damnari
776 1865 932 1965 poterat?
952 1890 1067 1963 neque
1092 1862 1188 1933 enirn

138 1977 216 2049 ideo
241 1979 346 2052 debet
368 1983 606 2081 quadruplum
618 1982 779 2085 soluere,
803 1982 887 2079 quia
906 1981 1020 2081 potuit
1041 2006 1085 2050 ne
1108 1979 1190 2050 sim-

130 2091 238 2189 'plum
249 2093 396 2191 quidem
407 2095 555 2183 solvere,
571 2094 597 2166 si
608 2095 740 2195 ipsam¹
754 2095 960 2193 pecuniam,
971 2120 1048 2191 quae
1061 2119 1083 2164 a
1094 2111 1189 2191 patre

138 2226 200 2277 tuo
226 2207 321 2307 apud
347 2211 574 2293 amicum&
576 2265 660 2281 .....
684 2210 817 2301 velles,
844 2237 917 2283 non
934 2209 1054 2281 liceret
1069 2227 1189 2279 tamen

138 2322 202 2394 tibi
219 2351 292 2394 rem
302 2324 500 2426 judicatam
514 2348 707 2401 retractare.
718 2329 795 2399 Hoc
810 2354 891 2425 ergo
909 2326 984 2397 fieri
1008 2343 1136 2425 potest,
1152 2342 1190 2394 ut

139 2465 213 2510 rem
233 2468 305 2512 non
319 2443 472 2542 potueris
487 2464 638 2544 repetere
649 2442 678 2533 ³,
692 2470 829 2542 poenam
847 2443 896 2515 rei
916 2439 1056 2542 petest?

577 2679 759 2748 SERMO.

189 2838 268 2902 Haec
283 2838 369 2902 circa
378 2837 449 2928 jus,
464 2834 519 2903 illa
534 2838 619 2902 circa
632 2839 831 2926 aequitatem.
842 2837 906 2922 Qui
918 2831 1141 2926 quadruplum
1153 2831 1195 2899 ab

144 2943 327 3008 inficiatore
348 2944 450 3032 petit,
471 2943 525 3006 illa
544 2942 656 3007 dicere
677 2942 780 3008 solet:
803 2944 944 3032 Oportet
964 2963 1098 3030 poenam
1122 2963 1195 3006 esse

145 3050 304 3120 avaritiae,
319 3063 352 3112 et
363 3047 451 3113 affici
464 3046 628 3136 supplicio
642 3046 856 3135 cupiditates:
872 3047 1085 3138 nequeenim
1100 3045 1197 3110 aliter

146 3155 229 3222 fides
242 3174 392 3222 constare
405 3151 573 3246 potuerit⁵
589 3155 679 3246 apud
693 3180 824 3237 omnes,
841 3156 904 3221 nisi
918 3173 1011 3220 metu
1025 3154 1197 3220 continea-

147 3281 210 3328 tur.
236 3263 434 3352 Depositum
455 3263 520 3329 hoc
542 3286 582 3328 eo
606 3264 710 3352 magis
732 3257 990 3341 vindicandum,
1012 3258 1103 3351 quod
1125 3259 1197 3323 fere

149 3386 275 3435 secreta
287 3387 364 3434 sunt
375 3370 456 3435 citra
466 3368 715 3457 probationem:
731 3393 799 3434 non
811 3385 922 3458 potest
935 3368 1072 3434 omnino
1084 3367 1119 3430 in
1130 3365 1198 3430 hoe

148 3499 286 3564 arguere
297 3478 477 3541 avaritiam.

190 3673 212 3708 ι.
228 3657 348 3723 Solvere,
366 3662 388 3712 si
406 3662 497 3733 ipsam.
512 3661 617 3714 Solvere
633 3662 656 3713 si
695 3662 734 3715 Cl.
758 3661 970 3727 Almelovenius,
991 3674 1067 3722 cum,
1094 3655 1154 3720 vel,
1177 3657 1200 3707 εἰ

154 3743 235 3810 ipsam
244 3759 271 3811 p.
284 3744 358 3794 Ptru.
696 3760 749 3796 rem
761 3763 815 3797 non
824 3740 948 3816 potueris.

189 3838 212 3873 a.
224 3821 305 3893 Apud
325 3826 448 3875 amicum.
468 3824 561 3891 Forte,
581 3823 654 3895 apud
730 3818 1199 3894 4 Reipetas.Au,legendumpotius,

152 3903 267 3953 amicum
277 3901 391 3974 deposita
396 3903 501 3975 fuerat,
508 3914 594 3974 petere
603 3901 655 3954 vel·
696 3903 811 3973 repetas?
823 3904 897 3953 Ptru.

154 3981 197 4034 les.
210 3984 295 4035 Eunu.
736 3978 760 4032 5.
787 3979 913 4032 Potuerit.
941 3981 1066 4048 Legerem
1093 3976 1198 4045 poterit.

186 4061 212 4111 3.
227 4062 263 4113 Ut
276 4081 328 4114 rem
339 4081 392 4114 non
401 4064 523 4135 potueris.
532 4061 650 4115 ualebat
696 4062 831 4111 Francius.
1101 4085 1103 4089 .
