2626 4816
336 412 762 479 DECLAMATIONES.
786 416 943 480 CCLVI.
1128 415 1170 482 53

124 533 291 606 malorum
311 562 474 609 meorum
489 537 710 611 meminisse:
734 567 953 640 quamquam
972 539 1064 612 inter
1087 567 1174 640 prae·

130 651 237 750 cipua,
257 658 399 754 propter
417 682 495 754 quae
513 655 697 746 abdicem,
717 656 785 728 hoc
804 676 872 747 est,
889 656 984 753 quod
1002 655 1091 727 mihi
1110 656 1173 727 ista

132 769 292 840 narranda
310 790 413 858 suut3
436 769 552 841 dicam
566 790 685 843 tamen
702 797 709 842 :
730 771 866 869 imputo
886 770 959 842 filio
978 798 1058 842 meo
1075 768 1173 841 orbi·

136 901 235 955 tatem.
255 884 515 984 Respondebit:
534 912 608 957 non
624 911 687 983 ego
707 885 829 957 occidi.
852 885 949 977 Scio,
971 912 1174 957 meamanu
1280 934 1283 939 ·

139 996 331 1071 factumest:
356 1000 429 1100 ipse
447 1027 511 1098 ego
526 1021 642 1101 pater,
666 1001 726 1098 qui
741 1026 949 1100 genueram,
966 998 1028 1098 qui
1049 998 1179 1071 educa·

140 1139 258 1205 reram,
284 1143 348 1214 per
378 1116 508 1189 viscera
539 1117 733 1189 liberorum
762 1118 896 1188 ferrum
925 1115 1046 1216 exegi:
1072 1115 1175 1187 credo

142 1229 216 1300 cuim
236 1231 316 1322 tibi,
339 1252 373 1304 et
395 1231 583 1304 orbitatem
605 1253 725 1305 tamen
749 1232 815 1304 tibi
841 1232 1001 1332 imputo,
1022 1231 1086 1302 tibi
1110 1256 1175 1301 aes-

142 1343 204 1416 timo
228 1345 325 1418 illam
352 1372 393 1418 ex
421 1346 477 1419 die
505 1347 576 1420 mei
607 1347 734 1421 doloris
751 1362 774 1419 ¹.
809 1347 981 1448 Quaedam
1017 1347 1175 1444 ignorare

142 1460 232 1533 simile
246 1489 319 1535 non
336 1452 427 1563 passi
443 1478 531 1536 est²z
546 1485 630 1537 tunc
646 1464 774 1538 liberos
788 1464 944 1565 perdidi,
968 1489 1080 1561 quum
1095 1489 1178 1561 per·

141 1574 245 1650 didisse
270 1605 328 1650 me
356 1580 458 1652 sensi.
486 1583 587 1671 Esto,
613 1607 754 1680 gravem
781 1581 856 1652 sine
881 1580 989 1652 dubio
1010 1577 1178 1650 manibus

139 1693 209 1765 meis
227 1693 395 1796 injuriam
416 1697 558 1768 fortuna
576 1697 720 1768 fecerat:
744 1716 907 1795 posuerat
929 1716 1049 1767 tamen
1070 1692 1177 1794 hujus

139 1810 177 1880 rei
195 1812 228 1882 in
247 1813 323 1911 ipso
344 1813 466 1885 animo
486 1812 686 1884 remedium
705 1812 766 1884 illo
781 1833 956 1912 tempore,
978 1838 1049 1910 quo
1063 1809 1179 1881 furere

140 1945 166 1994 et
181 1926 231 2026 agi
245 1927 426 2032 dementia
443 1927 604 2000 videbar:
626 1927 845 2028 frequentius
863 1927 901 1998 in
918 1954 959 1999 ea
973 1924 1180 2024 cogitatione

140 2066 234 2133 eram,
249 2063 289 2114 ut
298 2043 476 2115 crederem
489 2070 563 2116 esse
576 2071 659 2116 cum
673 2043 792 2117 liberis
804 2042 982 2119 omnibus.
997 2039 1181 2113 Abstulisti

138 2157 212 2228 mibi
234 2158 467 2260 ignorantiam
491 2161 679 2234 malorum.
705 2161 850 2251 Quanto
875 2158 1106 2232 miserabilior
1127 2154 1181 2226 fui

140 2273 233 2346 exdie
250 2296 317 2347 tuae
335 2275 513 2347 sanitatis?
534 2275 707 2347 furiosum
730 2303 787 2347 me
805 2302 878 2346 non
892 2275 941 2348 sic
958 2272 1087 2346 cecidi:
1103 2292 1179 2342 tum

142 2385 274 2463 lacerare
283 2411 498 2482 vestes,tum
508 2391 690 2465 verberare
700 2391 818 2464 vultus
827 2418 924 2462 meos
934 2390 1035 2489 coepi.
1045 2386 1182 2460 Omnia

143 2502 228 2602 igitur
247 2508 321 2580 haec
346 2535 419 2581 uon
441 2509 478 2579 in
499 2508 609 2581 aliam
626 2509 698 2581 vim
716 2508 828 2608 accipi
850 2507 998 2597 debent,
1020 2531 1128 2605 quam
1152 2503 1180 2576 si

145 2620 218 2695 filios
240 2651 337 2696 meos
358 2623 431 2723 ipse
454 2623 662 2712 occidisset,
677 2649 801 2724 ‘quam
823 2622 853 2694 si
874 2622 947 2719 ipse
968 2618 1180 2692 abstulisses.

145 2736 229 2812 Unde
244 2761 383 2812 tantum
405 2738 534 2830 boni3,¹
545 2760 586 2811 ut
602 2737 749 2811 reddere
770 2735 879 2837 possis
896 2735 997 2806 illam
1011 2730 1182 2823 ualetudi-

145 2878 235 2950 nem,
258 2856 364 2929 illum
387 2855 569 2929 furorem?
585 2855 695 2947 Quod
719 2881 835 2927 unum
856 2878 1002 2952 possum
1023 2869 1180 2950 praestare

174 3128 192 3162 ι.
203 3111 282 3164 Illam
294 3131 327 3165 ex
337 3112 381 3164 die
392 3111 444 3162 mei
456 3108 559 3162 doloris.
569 3109 629 3160 Vct.
672 3105 809 3161 Obrechts
818 3104 881 3156 Non
896 3102 966 3174 possi
981 3111 1032 3165 est,
1052 3097 1190 3151 editiones-

144 3195 362 3249 exmeoesanitatis.
372 3195 447 3245 Piru.
457 3194 531 3243 Hanc
539 3202 632 3243 notam
672 3188 741 3240 aliae:
750 3201 777 3238 et
784 3199 865 3237 recte.
874 3185 927 3254 Qui
934 3185 1040 3255 ignorat
1048 3179 1191 3243 dolorem,⁴

143 3276 258 3340 pertinere
273 3286 341 3345 puto
357 3271 392 3324 ad
408 3290 463 3344 seq.
480 3290 512 3323 ex
525 3271 567 3323 die
582 3279 633 3321 tuoe
673 3268 764 3322 similis
775 3279 815 3319 est
824 3266 875 3332 illi,
886 3265 932 3335 qui
944 3281 1000 3316 non
1012 3264 1122 3334 patitur.
1131 3257 1184 3310 Ad-

143 3351 633 3422 sanum,hieveroforrenibiaesrimo
674 3349 818 3418 scripserat
827 3344 941 3414 margini
951 3341 1131 3412 Schultingius
1139 3340 1182 3392 Se·

144 3449 176 3484 me
185 3433 256 3487 illum
268 3434 355 3486 debere
367 3451 398 3484 ex
409 3432 451 3482 die
460 3432 513 3482 mei
521 3429 634 3494 doloris,
674 3447 733 3480 nec.
752 3429 830 3479 Herc.
849 3428 912 3480 Fur.
934 3441 1016 3494 1097:
1040 3422 1139 3476 “Solus
1155 3435 1182 3473 te

145 3511 171 3562 ab
182 3532 212 3565 eo
223 3528 361 3586 tempore,
373 3529 427 3582 quo
440 3529 455 3561 a
465 3523 491 3562 te
502 3522 609 3561 sanatus
619 3527 635 3559 a
677 3531 689 3554 a
696 3511 752 3579 jam
761 3516 988 3578 praestarepotest
1000 3504 1085 3553 Furor
1094 3502 1184 3552 inson-

144 3590 238 3659 itum,
250 3593 323 3663 περὶ
334 3591 403 3644 scire
415 3602 441 3641 et
452 3589 549 3641 sentire
562 3586 636 3639 orbi·
679 3600 762 3639 utem.
774 3610 786 3634 »
795 3585 883 3655 Marg.
894 3580 996 3635 AErodii
1008 3580 1042 3633 al.
1057 3579 1183 3649 ρυιεᾰαηι

145 3681 230 3738 tatem,
251 3663 352 3723 aestiino
373 3688 416 3720 me
440 3667 513 3719 illam
537 3665 636 3719 debere
676 3667 814 3738 ignorare,
832 3663 905 3714 baud
916 3662 1012 3736 fecisse
1029 3659 1113 3712 simile
1129 3675 1184 3710 non

144 3747 198 3800 tibi:
210 3749 250 3803 vel
267 3750 314 3802 tibi
327 3751 448 3820 imputo,
463 3746 525 3819 quio
538 3747 636 3797 aestt'mo
674 3744 744 3815 passi
752 3743 820 3794 'estis

91 3824 93 3834 '
145 3824 209 3880 illam
221 3831 308 3890 exdie
321 3829 373 3879 mei
388 3825 492 3879 dolone.
510 3827 552 3877 An
569 3824 638 3875 oesfia
712 3822 739 3876 3.
751 3823 826 3874 Unde
836 3830 938 3873 tantum
950 3818 1092 3871 bonilntt.
1102 3815 1184 3880 riht,

145 3924 206 3961 more
214 3908 257 3962 bic
264 3922 357 3982 posset
369 3911 438 3960 sumi
451 3918 480 3956 ut
491 3906 518 3956 in
528 3907 636 3958 bucano
676 3903 729 3970 oo,
737 3901 760 3974 §.
768 3899 990 3968 54:1‹Undeenim
998 3911 1101 3949 tantum
1109 3895 1185 3961 boni,

147 3987 403 4058 explicatGronovius
412 3984 563 4037 Observatt.
573 3985 597 4048 1,
609 3983 638 4034 6.
680 3997 732 4036 «ut
742 3981 882 4056 pluribus,
892 3999 949 4049 quae
961 3991 1034 4029 recta
1047 3987 1120 4042 sunt,
1129 3973 1186 4045 pla·

148 4068 221 4122 Rom.
315 4094 319 4119 ι
567 4103 571 4115 ,
681 4052 1187 4118 toennensem.Undetautumbooi

177 4168 198 4204 2.
207 4152 344 4226 Nonpasst'
353 4149 417 4204 estis.
428 4150 491 4205 Non
499 4146 640 4220 pasione,
678 4145 783 4198 reddere
793 4137 989 4215 possis‚AErod.
1087 4190 1090 4195 Α
