2626 4816
350 392 773 462 DECLAMATIONE&
797 395 940 460 GGLII.
1129 398 1169 484 37

89 508 92 607 l
144 537 219 594 testes
231 519 489 621 producuntur,
506 521 590 593 fidei
602 542 722 594 vestrae
734 519 894 621 jurisque
905 504 1072 622 ”jurandi
1089 520 1172 593 satis
1222 505 1227 524 ’

143 631 236 706 idonei
248 653 404 707 auctores
414 635 589 708 habentur
601 636 746 734 :quoties
755 662 837 708 vero
847 635 993 707 civitatis
1006 635 1171 709 universae

140 772 321 840 consensus
335 771 368 822 et
377 778 511 842 omnes,
522 751 584 850 qui
602 752 691 823 intra
703 751 797 823 hanc
812 751 931 824 sedem
947 772 1040 843 sunt,
1056 768 1171 824 unum

136 863 254 962 aliquid
283 887 490 967 certumque
516 868 684 958 dixerint,
707 895 828 940 rumor
849 890 1011 940 vocatur:
1036 867 1073 938 in
1095 867 1172 939 aliis

130 980 260 1056 fortasse
284 983 360 1055 falli
380 985 444 1056 ista
465 1006 636 1084 possunt:
663 985 784 1083 utique
805 1011 927 1058 verum
952 983 1170 1076 dicit'fuma,

129 1125 197 1196 (prae
213 1098 257 1172 de
278 1127 314 1172 se
336 1100 512 1201 loquitur:
537 1103 613 1202 quis
631 1103 728 1174 enim
750 1101 1176 1202 loquebaturi‘populusz‘

126 1213 169 1286 de
183 1243 251 1315 qua
267 1217 327 1289 re?
340 1246 448 1317 quam
465 1220 617 1292 facturus
634 1241 707 1292 erat
720 1219 882 1319 populus.
907 1221 1033 1310 Quum
1052 1219 1095 1291 de
1115 1246 1173 1292 co-

125 1330 229 1403 mitiis
251 1334 475 1406 consentiunt
496 1361 669 1421 rumores,
692 1336 739 1406 de
753 1363 788 1406 se
809 1334 957 1433 quisque
980 1334 1081 1424 dicit,
1099 1335 1171 1408 haec
1257 1427 1260 1434 Ι

128 1447 227 1521 liet²t
247 1449 314 1522 hoc
330 1452 533 1540 est‘dicere,
552 1453 642 1524 hanc
659 1453 809 1524 faciam:
826 1479 899 1524 non
915 1473 964 1523 est
979 1451 1044 1524 ista
1060 1454 1175 1525 fama:

131 1563 261 1636 comitia
277 1585 369 1638 sunt.
386 1569 509 1665 Neque
529 1588 580 1639 est
595 1567 698 1666 quod·
711 1568 851 1655 mirari,
872 1567 986 1658 dives»,
1004 1589 1065 1639 aut
1080 1566 1173 1637 indi·

133 1681 220 1777 gnari
235 1681 336 1773 velis,
354 1682 392 1754 i'n
409 1683 556 1754 comitiis
571 1682 650 1782 plus
666 1709 755 1781 saepe
773 1710 941 1782 pauperes
958 1709 1057 1781 posse
1071 1711 1078 1753 :
1091 1711 1172 1755 >non

137 1795 243 1868 omnia
259 1817 409 1896 possunt·
421 1823 504 1896 opes
518 1817 633 1868 vestrae
646 1854 655 1888 ,
676 1823 791 1896 neque
806 1798 842 1868 in
860 1798 992 1869 cunctis
1007 1797 1174 1896 quae''hu-

139 1935 265 1982 manem
287 1910 468 1983 continent
487 1910 614 2002 vitam,
633 1911 777 1983 domina
798 1912 948 2011 pecunia
969 1931 1028 1982 est.
1052 1911 1173 1983 Latius

143 2025 359 2121 possidebitis,
376 2048 408 2099 et
422 2028 676 2100 numerosiores
690 2028 839 2099 familias
854 2048 980 2099 vestras
996 2028 1175 2126 ignorabi-

143 2138 187 2227 tis3
196 2168 358 2241 magnam
371 2163 505 2241 partem
514 2142 658 2215 civitatis
671 2143 892 2241 occupabunt
904 2142 1031 2215 domus
1040 2164 1172 2233 vestrae3

145 2253 247 2354 ingens
275 2258 414 2357 pondus
442 2259 578 2357 argenti
605 2259 812 2358 perstringet
837 2259 956 2331 oculos
982 2287 989 2329 :
1014 2258 1074 2330 sed
1100 2260 1174 2330 haec

146 2365 216 2444 intra
226 2374 398 2474 privatum
415 2376 547 2447 valent:
565 2402 677 2472 quum
693 2375 728 2446 in
745 2373 930 2474 publicum
941 2374 1076 2445 veneris
1092 2395 1125 2446 et
1136 2375 1173 2445 in

147 2508 305 2587 campum,
324 2488 532 2588 spectabitur
544 2487 762 2586 innocentia,
780 2487 877 2559 fides.
890 2488 1045 2560 Forsitan
1056 2489 1174 2585 gratiae

148 2605 496 2703 quoque-nonparum
518 2602 621 2674 nobis
638 2603 738 2673 affert
759 2602 838 2701 ipsa
854 2603 1002 2673 tenuitas
1012 2629 1029 2671 s>
1039 2602 1101 2672 ubi
1118 2622 1174 2673 ta-

147 2712 254 2792 bellam
268 2749 440 2822 pauperes
455 2724 587 2809 feruut,
606 2741 682 2790 tum
699 2718 792 2789 subit
806 2718 907 2788 tacita
924 2745 1100 2816 quemque
1118 2745 1175 2790 co·

146 2833 241 2927 giratio
265 2838 434 2937 superbiae
457 2857 593 2908 vestrae:
619 2857 695 2906 tum
720 2834 900 2924 omnium,
926 2860 1011 2932 quas
1028 2833 1174 2932 singulis

145 2945 255 3047 tacitis,
277 2954 498 3057 injuriarum.
517 2956 681 3025 Attamen
699 2949 881 3022 incaeteris
902 2951 1077 3050 (petentes
1098 2976 1174 3021 ma·
1190 2995 1199 3004 =

145 3064 281 3159 gistratus
300 3071 377 3142 dico
394 3091 499 3167 atque
514 3068 729 3168 provincias)
750 3066 888 3166 possitis
909 3066 1019 3137 trihus
1036 3090 1172 3154 emere,

143 3187 275 3274 pecunia
285 3187 438 3286 dispersa
450 3183 749 3285 pararegratiam:
764 3183 827 3254 uhi
839 3208 919 3254 vero
931 3180 1173 3253 desacerdotio

143 3302 527 3403 queritur3etjudlcium
537 3299 658 3399 religio
668 3299 748 3398 agit:
759 3297 859 3369 illam
870 3296 1172 3396 populusspectaq

141 3408 222 3488 illam
231 3418 398 3506 intuetur,
414 3443 489 3513 quae
505 3442 642 3514 semper
652 3412 944 3510 futurasitvirgo;
960 3437 1037 3511 quoe
1047 3439 1067 3482 a
1078 3409 1173 3482 cultu

140 3533 358 3631 templorum,
376 3532 509 3605 asacris
521 3558 594 3604 non
611 3556 795 3602 recessura.
812 3532 893 3601 Non
908 3553 1038 3615 vereor,
1050 3552 1096 3597 ne
1108 3526 1175 3598 ista

138 3645 242 3721 videar
255 3649 430 3749 praesentis
441 3646 684 3750 gratiajudicii
700 3646 829 3718 dicere:
845 3642 1079 3721 sacerdotium
1095 3641 1174 3714 filiae

137 3785 211 3834 meae
228 3786 310 3836 ante
328 3791 507 3837 rumorem
522 3762 666 3863 speravi.
690 3761 758 3835 Sed
775 3788 840 3833 cur·
853 3787 917 3860 ego
934 3758 1068 3831 diutius
1085 3757 1175 3830 circa

137 3901 267 3952 causam
282 3877 451 3952 maleficii
462 3879 564 3952 istius
576 3879 683 3952 etiam
696 3876 1026 3953 morori'conlessus
1039 3895 1101 3946 est.
1117 3876 1173 3945 An

167 4063 188 4101 ¹.
203 4049 324 4122 durisque
328 4050 451 4122 jurandi.
466 4048 577 4123 durique
581 4053 631 4124 ju·
707 4067 730 4102 2.
743 4045 868 4120 Hoecfret.
879 4045 983 4101 Scilicet
992 4041 1175 4097 sacerdosvi·

136 4130 216 4209 rondo.
230 4130 341 4184 Scamr.
494 4195 497 4200 ³
672 4126 705 4180 de
718 4125 752 4179 ad
764 4128 829 4181 lust.
843 4124 888 4178 lib.
898 4126 931 4195 V,
946 4141 986 4179 ιο.
1000 4125 1083 4175 Banu.
