<?xml version="1.0" encoding="UTF-8"?>
<!DOCTYPE html PUBLIC "-//W3C//DTD XHTML 1.0 Transitional//EN"
    "http://www.w3.org/TR/xhtml1/DTD/xhtml1-transitional.dtd">
<html xmlns="http://www.w3.org/1999/xhtml" xml:lang="en" lang="en">
 <head>
  <title>
</title>
<meta http-equiv="Content-Type" content="text/html;charset=utf-8" />
  <meta name='ocr-system' content='tesseract 3.04.00' />
  <meta name='ocr-capabilities' content='ocr_page ocr_carea ocr_par ocr_line ocrx_word'/>
</head>
<body>
  <div class='ocr_page' id='page_1' title='image "bibliothecaclas32lemagoog_0031.png"; bbox 0 0 2626 4816; ppageno 0'>
   <div class='ocr_carea' id='block_1_1' title="bbox 221 393 1010 475">
    <p class='ocr_par' dir='ltr' id='par_1_1' title="bbox 221 393 1010 475">
     <span class='ocr_line' id='line_1_1' title="bbox 221 393 1010 475; baseline 0 -19"><span class='ocrx_word' id='word_1_1' title='bbox 221 393 258 456; x_wconf 76' lang='lat' dir='ltr'>rii</span> <span class='ocrx_word' id='word_1_2' title='bbox 472 395 518 458; x_wconf 90' lang='grc' dir='ltr'>Μ.</span> <span class='ocrx_word' id='word_1_3' title='bbox 544 394 667 457; x_wconf 82' lang='lat' dir='ltr'>FABll</span> <span class='ocrx_word' id='word_1_4' title='bbox 691 393 1010 475; x_wconf 84' lang='lat' dir='ltr'><strong>QUINTILIANI</strong></span> 
     </span>
    </p>
   </div>
   <div class='ocr_carea' id='block_1_2' title="bbox 131 513 1280 3386">
    <p class='ocr_par' dir='ltr' id='par_1_2' title="bbox 131 513 1280 3386">
     <span class='ocr_line' id='line_1_2' title="bbox 216 513 1273 614; baseline 0 -28"><span class='ocrx_word' id='word_1_5' title='bbox 216 540 289 586; x_wconf 91' lang='lat' dir='ltr'>non</span> <span class='ocrx_word' id='word_1_6' title='bbox 309 515 401 587; x_wconf 89' lang='lat' dir='ltr'>illius</span> <span class='ocrx_word' id='word_1_7' title='bbox 421 515 658 604; x_wconf 82' lang='lat' dir='ltr'>festinatione,</span> <span class='ocrx_word' id='word_1_8' title='bbox 677 513 749 586; x_wconf 86' lang='lat' dir='ltr'>noli</span> <span class='ocrx_word' id='word_1_9' title='bbox 764 535 882 587; x_wconf 88' lang='lat' dir='ltr'>tamen</span> <span class='ocrx_word' id='word_1_10' title='bbox 897 517 1017 588; x_wconf 90' lang='lat' dir='ltr'>mirari</span> <span class='ocrx_word' id='word_1_11' title='bbox 1031 515 1222 614; x_wconf 86' lang='lat' dir='ltr'>pudicam,</span> <span class='ocrx_word' id='word_1_12' title='bbox 1244 514 1273 587; x_wconf 91' lang='lat' dir='ltr'>si</span> 
     </span>
     <span class='ocr_line' id='line_1_3' title="bbox 217 630 1275 730; baseline 0 -29"><span class='ocrx_word' id='word_1_13' title='bbox 217 630 349 719; x_wconf 80' lang='lat' dir='ltr'>castitas</span> <span class='ocrx_word' id='word_1_14' title='bbox 366 657 439 701; x_wconf 92' lang='lat' dir='ltr'>non</span> <span class='ocrx_word' id='word_1_15' title='bbox 457 630 574 701; x_wconf 89' lang='lat' dir='ltr'>statim</span> <span class='ocrx_word' id='word_1_16' title='bbox 595 630 652 700; x_wconf 89' lang='lat' dir='ltr'>irae</span> <span class='ocrx_word' id='word_1_17' title='bbox 671 656 740 701; x_wconf 86' lang='lat' dir='ltr'>suae</span> <span class='ocrx_word' id='word_1_18' title='bbox 760 630 929 729; x_wconf 90' lang='lat' dir='ltr'>imperare</span> <span class='ocrx_word' id='word_1_19' title='bbox 944 630 1072 729; x_wconf 90' lang='lat' dir='ltr'>potuit:</span> <span class='ocrx_word' id='word_1_20' title='bbox 1088 631 1169 702; x_wconf 90' lang='lat' dir='ltr'>satis</span> <span class='ocrx_word' id='word_1_21' title='bbox 1184 657 1275 730; x_wconf 86' lang='lat' dir='ltr'>prae-</span> 
     </span>
     <span class='ocr_line' id='line_1_4' title="bbox 215 744 1270 845; baseline 0 -29"><span class='ocrx_word' id='word_1_22' title='bbox 215 764 279 816; x_wconf 87' lang='lat' dir='ltr'>stat</span> <span class='ocrx_word' id='word_1_23' title='bbox 293 767 405 845; x_wconf 89' lang='lat' dir='ltr'>rapta,</span> <span class='ocrx_word' id='word_1_24' title='bbox 425 771 501 843; x_wconf 81' lang='lat' dir='ltr'>quae</span> <span class='ocrx_word' id='word_1_25' title='bbox 523 771 596 815; x_wconf 90' lang='lat' dir='ltr'>non</span> <span class='ocrx_word' id='word_1_26' title='bbox 615 745 681 815; x_wconf 93' lang='lat' dir='ltr'>cito</span> <span class='ocrx_word' id='word_1_27' title='bbox 698 764 803 843; x_wconf 91' lang='lat' dir='ltr'>optat.</span> <span class='ocrx_word' id='word_1_28' title='bbox 827 747 872 816; x_wconf 85' lang='lat' dir='ltr'>At</span> <span class='ocrx_word' id='word_1_29' title='bbox 886 744 982 816; x_wconf 90' lang='lat' dir='ltr'>enim</span> <span class='ocrx_word' id='word_1_30' title='bbox 995 744 1070 845; x_wconf 87' lang='lat' dir='ltr'>jam</span> <span class='ocrx_word' id='word_1_31' title='bbox 1085 747 1270 817; x_wconf 89' lang='lat' dir='ltr'>vulnerato</span> 
     </span>
     <span class='ocr_line' id='line_1_5' title="bbox 215 861 1270 961; baseline -0.002 -27"><span class='ocrx_word' id='word_1_32' title='bbox 215 863 362 961; x_wconf 91' lang='lat' dir='ltr'>optavit,</span> <span class='ocrx_word' id='word_1_33' title='bbox 385 861 554 960; x_wconf 92' lang='lat' dir='ltr'>quoniam</span> <span class='ocrx_word' id='word_1_34' title='bbox 571 861 781 934; x_wconf 91' lang='lat' dir='ltr'>moriturum</span> <span class='ocrx_word' id='word_1_35' title='bbox 798 861 945 933; x_wconf 89' lang='lat' dir='ltr'>sciebat:</span> <span class='ocrx_word' id='word_1_36' title='bbox 968 862 1116 960; x_wconf 81' lang='lat' dir='ltr'>captavit</span> <span class='ocrx_word' id='word_1_37' title='bbox 1129 862 1270 934; x_wconf 86' lang='lat' dir='ltr'>heredi-</span> 
     </span>
     <span class='ocr_line' id='line_1_6' title="bbox 216 977 1269 1078; baseline 0 -28"><span class='ocrx_word' id='word_1_38' title='bbox 216 998 337 1050; x_wconf 80' lang='lat' dir='ltr'>tatem.</span> <span class='ocrx_word' id='word_1_39' title='bbox 348 980 445 1049; x_wconf 92' lang='lat' dir='ltr'>Num</span> <span class='ocrx_word' id='word_1_40' title='bbox 458 977 563 1075; x_wconf 75' lang='lat' dir='ltr'>igitur</span> <span class='ocrx_word' id='word_1_41' title='bbox 575 978 736 1051; x_wconf 90' lang='lat' dir='ltr'>animum</span> <span class='ocrx_word' id='word_1_42' title='bbox 750 977 875 1078; x_wconf 88' lang='lat' dir='ltr'>puellae</span> <span class='ocrx_word' id='word_1_43' title='bbox 885 1006 905 1049; x_wconf 95' lang='lat' dir='ltr'>a</span> <span class='ocrx_word' id='word_1_44' title='bbox 917 979 1041 1077; x_wconf 89' lang='lat' dir='ltr'>primis</span> <span class='ocrx_word' id='word_1_45' title='bbox 1053 979 1269 1078; x_wconf 81' lang='lat' dir='ltr'>temporibus</span> 
     </span>
     <span class='ocr_line' id='line_1_7' title="bbox 217 1092 1266 1192; baseline 0 -28"><span class='ocrx_word' id='word_1_46' title='bbox 217 1115 334 1192; x_wconf 90' lang='lat' dir='ltr'>raptor</span> <span class='ocrx_word' id='word_1_47' title='bbox 361 1093 561 1191; x_wconf 78' lang='lat' dir='ltr'>ignoravit?</span> <span class='ocrx_word' id='word_1_48' title='bbox 589 1097 762 1191; x_wconf 79' lang='lat' dir='ltr'>Magnum</span> <span class='ocrx_word' id='word_1_49' title='bbox 788 1092 979 1165; x_wconf 81' lang='lat' dir='ltr'>clementiae</span> <span class='ocrx_word' id='word_1_50' title='bbox 1005 1115 1266 1192; x_wconf 77' lang='lat' dir='ltr'>argumentum.</span> 
     </span>
     <span class='ocr_line' id='line_1_8' title="bbox 217 1210 1267 1309; baseline -0.002 -25"><span class='ocrx_word' id='word_1_51' title='bbox 217 1210 286 1284; x_wconf 89' lang='lat' dir='ltr'>Cui</span> <span class='ocrx_word' id='word_1_52' title='bbox 304 1232 453 1309; x_wconf 89' lang='lat' dir='ltr'>potestas</span> <span class='ocrx_word' id='word_1_53' title='bbox 474 1210 629 1282; x_wconf 91' lang='lat' dir='ltr'>adeundi</span> <span class='ocrx_word' id='word_1_54' title='bbox 653 1211 870 1308; x_wconf 71' lang='lat' dir='ltr'>magistratus</span> <span class='ocrx_word' id='word_1_55' title='bbox 886 1211 1020 1301; x_wconf 90' lang='lat' dir='ltr'>statim,</span> <span class='ocrx_word' id='word_1_56' title='bbox 1039 1210 1166 1282; x_wconf 89' lang='lat' dir='ltr'>emissa</span> <span class='ocrx_word' id='word_1_57' title='bbox 1183 1237 1267 1282; x_wconf 91' lang='lat' dir='ltr'>con·</span> 
     </span>
     <span class='ocr_line' id='line_1_9' title="bbox 217 1324 1269 1425; baseline -0.004 -27"><span class='ocrx_word' id='word_1_58' title='bbox 217 1327 316 1398; x_wconf 94' lang='lat' dir='ltr'>tinuo</span> <span class='ocrx_word' id='word_1_59' title='bbox 328 1352 410 1415; x_wconf 86' lang='lat' dir='ltr'>vox,</span> <span class='ocrx_word' id='word_1_60' title='bbox 426 1354 496 1425; x_wconf 88' lang='lat' dir='ltr'>qua</span> <span class='ocrx_word' id='word_1_61' title='bbox 510 1353 545 1397; x_wconf 91' lang='lat' dir='ltr'>se</span> <span class='ocrx_word' id='word_1_62' title='bbox 558 1346 591 1397; x_wconf 87' lang='lat' dir='ltr'>et</span> <span class='ocrx_word' id='word_1_63' title='bbox 607 1326 773 1424; x_wconf 89' lang='lat' dir='ltr'>injuriam</span> <span class='ocrx_word' id='word_1_64' title='bbox 786 1352 886 1397; x_wconf 89' lang='lat' dir='ltr'>suam</span> <span class='ocrx_word' id='word_1_65' title='bbox 899 1325 1138 1414; x_wconf 90' lang='lat' dir='ltr'>ulcisceretur,</span> <span class='ocrx_word' id='word_1_66' title='bbox 1155 1324 1269 1396; x_wconf 88' lang='lat' dir='ltr'>liniret</span> 
     </span>
     <span class='ocr_line' id='line_1_10' title="bbox 218 1434 1268 1539; baseline -0.003 -27"><span class='ocrx_word' id='word_1_67' title='bbox 218 1468 324 1512; x_wconf 90' lang='lat' dir='ltr'>onera</span> <span class='ocrx_word' id='word_1_68' title='bbox 347 1441 490 1539; x_wconf 90' lang='lat' dir='ltr'>pudoris</span> <span class='ocrx_word' id='word_1_69' title='bbox 511 1440 704 1533; x_wconf 86' lang='lat' dir='ltr'>sui,audit</span> <span class='ocrx_word' id='word_1_70' title='bbox 727 1434 884 1538; x_wconf 74' lang='lat' dir='ltr'>rogantes</span> <span class='ocrx_word' id='word_1_71' title='bbox 910 1439 972 1511; x_wconf 92' lang='lat' dir='ltr'>diu</span> <span class='ocrx_word' id='word_1_72' title='bbox 992 1467 999 1510; x_wconf 93' lang='lat'><strong>:</strong></span> <span class='ocrx_word' id='word_1_73' title='bbox 1022 1440 1181 1539; x_wconf 90' lang='lat' dir='ltr'>primum</span> <span class='ocrx_word' id='word_1_74' title='bbox 1203 1438 1268 1510; x_wconf 88' lang='lat' dir='ltr'>hoc</span> 
     </span>
     <span class='ocr_line' id='line_1_11' title="bbox 218 1553 1268 1656; baseline -0.001 -30"><span class='ocrx_word' id='word_1_75' title='bbox 218 1555 463 1656; x_wconf 85' lang='lat' dir='ltr'>praejudicium</span> <span class='ocrx_word' id='word_1_76' title='bbox 479 1554 553 1656; x_wconf 90' lang='lat' dir='ltr'>ejus</span> <span class='ocrx_word' id='word_1_77' title='bbox 570 1576 638 1645; x_wconf 91' lang='lat' dir='ltr'>est,</span> <span class='ocrx_word' id='word_1_78' title='bbox 657 1582 733 1652; x_wconf 81' lang='lat' dir='ltr'>quae</span> <span class='ocrx_word' id='word_1_79' title='bbox 749 1554 879 1627; x_wconf 87' lang='lat' dir='ltr'>exorari</span> <span class='ocrx_word' id='word_1_80' title='bbox 893 1554 1011 1653; x_wconf 90' lang='lat' dir='ltr'>possit.</span> <span class='ocrx_word' id='word_1_81' title='bbox 1027 1554 1153 1652; x_wconf 78' lang='lat' dir='ltr'>Rogari</span> <span class='ocrx_word' id='word_1_82' title='bbox 1165 1553 1268 1642; x_wconf 92' lang='lat' dir='ltr'>velle,</span> 
     </span>
     <span class='ocr_line' id='line_1_12' title="bbox 218 1667 1269 1770; baseline -0.004 -29"><span class='ocrx_word' id='word_1_83' title='bbox 218 1697 280 1770; x_wconf 91' lang='lat' dir='ltr'>pro</span> <span class='ocrx_word' id='word_1_84' title='bbox 298 1692 417 1770; x_wconf 75' lang='lat' dir='ltr'>rogato</span> <span class='ocrx_word' id='word_1_85' title='bbox 432 1691 500 1742; x_wconf 91' lang='lat' dir='ltr'>est:</span> <span class='ocrx_word' id='word_1_86' title='bbox 524 1672 590 1743; x_wconf 91' lang='lat' dir='ltr'>hoc</span> <span class='ocrx_word' id='word_1_87' title='bbox 604 1691 742 1743; x_wconf 90' lang='lat' dir='ltr'>tanturn</span> <span class='ocrx_word' id='word_1_88' title='bbox 757 1697 830 1747; x_wconf 85' lang='lat' dir='ltr'>nnn</span> <span class='ocrx_word' id='word_1_89' title='bbox 846 1683 855 1714; x_wconf 92' lang='lat'><em>¹</em></span> <span class='ocrx_word' id='word_1_90' title='bbox 875 1669 954 1742; x_wconf 91' lang='lat' dir='ltr'>satis</span> <span class='ocrx_word' id='word_1_91' title='bbox 969 1689 1055 1760; x_wconf 88' lang='lat' dir='ltr'>erat,</span> <span class='ocrx_word' id='word_1_92' title='bbox 1071 1668 1226 1770; x_wconf 88' lang='lat' dir='ltr'>judices,</span> <span class='ocrx_word' id='word_1_93' title='bbox 1243 1667 1269 1739; x_wconf 93' lang='lat' dir='ltr'>si</span> 
     </span>
     <span class='ocr_line' id='line_1_13' title="bbox 219 1787 1271 1887; baseline -0.002 -28"><span class='ocrx_word' id='word_1_94' title='bbox 219 1787 386 1879; x_wconf 83' lang='lat' dir='ltr'>dicerem,</span> <span class='ocrx_word' id='word_1_95' title='bbox 407 1816 479 1861; x_wconf 91' lang='lat' dir='ltr'>non</span> <span class='ocrx_word' id='word_1_96' title='bbox 499 1789 649 1887; x_wconf 75' lang='lat' dir='ltr'>negavit.</span> <span class='ocrx_word' id='word_1_97' title='bbox 671 1788 778 1884; x_wconf 86' lang='lat' dir='ltr'>Atqui</span> <span class='ocrx_word' id='word_1_98' title='bbox 804 1788 904 1860; x_wconf 92' lang='lat' dir='ltr'>dolor</span> <span class='ocrx_word' id='word_1_99' title='bbox 925 1787 1093 1886; x_wconf 87' lang='lat' dir='ltr'>erumpit,</span> <span class='ocrx_word' id='word_1_100' title='bbox 1112 1807 1146 1859; x_wconf 89' lang='lat' dir='ltr'>ct</span> <span class='ocrx_word' id='word_1_101' title='bbox 1165 1813 1271 1858; x_wconf 89' lang='lat' dir='ltr'>num·</span> 
     </span>
     <span class='ocr_line' id='line_1_14' title="bbox 218 1901 1272 2002; baseline -0.001 -27"><span class='ocrx_word' id='word_1_102' title='bbox 218 1930 327 2002; x_wconf 93' lang='lat' dir='ltr'>quam</span> <span class='ocrx_word' id='word_1_103' title='bbox 348 1904 399 1976; x_wconf 93' lang='lat' dir='ltr'>ira</span> <span class='ocrx_word' id='word_1_104' title='bbox 419 1906 492 1977; x_wconf 87' lang='lat' dir='ltr'>fere</span> <span class='ocrx_word' id='word_1_105' title='bbox 514 1904 650 1977; x_wconf 87' lang='lat' dir='ltr'>silentio</span> <span class='ocrx_word' id='word_1_106' title='bbox 667 1903 874 1976; x_wconf 86' lang='lat' dir='ltr'>continetur.</span> <span class='ocrx_word' id='word_1_107' title='bbox 897 1903 1039 1975; x_wconf 87' lang='lat' dir='ltr'>Miseret</span> <span class='ocrx_word' id='word_1_108' title='bbox 1059 1928 1118 1973; x_wconf 92' lang='lat' dir='ltr'>me</span> <span class='ocrx_word' id='word_1_109' title='bbox 1138 1901 1272 1974; x_wconf 90' lang='lat' dir='ltr'>adoles·</span> 
     </span>
     <span class='ocr_line' id='line_1_15' title="bbox 220 2017 1272 2118; baseline 0 -29"><span class='ocrx_word' id='word_1_110' title='bbox 220 2017 327 2090; x_wconf 89' lang='lat' dir='ltr'>centis</span> <span class='ocrx_word' id='word_1_111' title='bbox 351 2019 477 2118; x_wconf 93' lang='lat' dir='ltr'>optimi</span> <span class='ocrx_word' id='word_1_112' title='bbox 507 2019 640 2118; x_wconf 86' lang='lat' dir='ltr'>alioqui</span> <span class='ocrx_word' id='word_1_113' title='bbox 667 2039 701 2091; x_wconf 90' lang='lat' dir='ltr'>et</span> <span class='ocrx_word' id='word_1_114' title='bbox 728 2018 832 2091; x_wconf 91' lang='lat' dir='ltr'>nimis</span> <span class='ocrx_word' id='word_1_115' title='bbox 857 2018 1073 2108; x_wconf 84' lang='lat' dir='ltr'>verecundi,</span> <span class='ocrx_word' id='word_1_116' title='bbox 1102 2017 1198 2116; x_wconf 92' lang='lat' dir='ltr'>quod</span> <span class='ocrx_word' id='word_1_117' title='bbox 1225 2017 1272 2089; x_wconf 85' lang='lat' dir='ltr'>sir</span> 
     </span>
     <span class='ocr_line' id='line_1_16' title="bbox 219 2132 1273 2233; baseline -0.001 -29"><span class='ocrx_word' id='word_1_118' title='bbox 219 2132 383 2204; x_wconf 89' lang='lat' dir='ltr'>animum</span> <span class='ocrx_word' id='word_1_119' title='bbox 406 2132 481 2233; x_wconf 88' lang='lat' dir='ltr'>ejus</span> <span class='ocrx_word' id='word_1_120' title='bbox 501 2133 800 2233; x_wconf 80' lang='lat' dir='ltr'>interpretamini:</span> <span class='ocrx_word' id='word_1_121' title='bbox 827 2133 933 2205; x_wconf 91' lang='lat' dir='ltr'>satius</span> <span class='ocrx_word' id='word_1_122' title='bbox 955 2154 1026 2205; x_wconf 91' lang='lat' dir='ltr'>erat</span> <span class='ocrx_word' id='word_1_123' title='bbox 1043 2133 1178 2223; x_wconf 84' lang='lat' dir='ltr'>dicere,</span> <span class='ocrx_word' id='word_1_124' title='bbox 1201 2158 1273 2204; x_wconf 94' lang='lat' dir='ltr'>non</span> 
     </span>
     <span class='ocr_line' id='line_1_17' title="bbox 219 2248 1273 2348; baseline 0.001 -31"><span class='ocrx_word' id='word_1_125' title='bbox 219 2248 376 2344; x_wconf 75' lang='lat' dir='ltr'>negavit:</span> <span class='ocrx_word' id='word_1_126' title='bbox 404 2248 515 2320; x_wconf 89' lang='lat' dir='ltr'>audeo</span> <span class='ocrx_word' id='word_1_127' title='bbox 538 2248 674 2339; x_wconf 88' lang='lat' dir='ltr'>dicere,</span> <span class='ocrx_word' id='word_1_128' title='bbox 702 2248 791 2320; x_wconf 90' lang='lat' dir='ltr'>illud</span> <span class='ocrx_word' id='word_1_129' title='bbox 815 2248 992 2347; x_wconf 90' lang='lat' dir='ltr'>promisit,</span> <span class='ocrx_word' id='word_1_130' title='bbox 1016 2274 1132 2348; x_wconf 90' lang='lat' dir='ltr'>neque</span> <span class='ocrx_word' id='word_1_131' title='bbox 1157 2274 1273 2321; x_wconf 90' lang='lat' dir='ltr'>unum</span> 
     </span>
     <span class='ocr_line' id='line_1_18' title="bbox 219 2361 1275 2462; baseline 0.002 -30"><span class='ocrx_word' id='word_1_132' title='bbox 219 2361 451 2460; x_wconf 90' lang='lat' dir='ltr'>promittendi</span> <span class='ocrx_word' id='word_1_133' title='bbox 464 2391 574 2462; x_wconf 78' lang='lat' dir='ltr'>genus</span> <span class='ocrx_word' id='word_1_134' title='bbox 590 2384 647 2436; x_wconf 92' lang='lat' dir='ltr'>est.</span> <span class='ocrx_word' id='word_1_135' title='bbox 663 2364 835 2435; x_wconf 86' lang='lat' dir='ltr'>Voluntas</span> <span class='ocrx_word' id='word_1_136' title='bbox 846 2364 1037 2435; x_wconf 92' lang='lat' dir='ltr'>hominum</span> <span class='ocrx_word' id='word_1_137' title='bbox 1050 2389 1122 2435; x_wconf 94' lang='lat' dir='ltr'>non</span> <span class='ocrx_word' id='word_1_138' title='bbox 1134 2383 1275 2436; x_wconf 87' lang='lat' dir='ltr'>tantum</span> 
     </span>
     <span class='ocr_line' id='line_1_19' title="bbox 220 2478 1276 2579; baseline 0 -28"><span class='ocrx_word' id='word_1_139' title='bbox 220 2505 303 2551; x_wconf 92' lang='lat' dir='ltr'>voce</span> <span class='ocrx_word' id='word_1_140' title='bbox 317 2479 450 2578; x_wconf 75' lang='lat' dir='ltr'>signata</span> <span class='ocrx_word' id='word_1_141' title='bbox 465 2501 525 2552; x_wconf 89' lang='lat' dir='ltr'>est.</span> <span class='ocrx_word' id='word_1_142' title='bbox 538 2483 595 2552; x_wconf 84' lang='lat' dir='ltr'>An</span> <span class='ocrx_word' id='word_1_143' title='bbox 603 2506 683 2553; x_wconf 87' lang='lat' dir='ltr'>vero</span> <span class='ocrx_word' id='word_1_144' title='bbox 693 2481 722 2552; x_wconf 89' lang='lat' dir='ltr'>si</span> <span class='ocrx_word' id='word_1_145' title='bbox 733 2507 842 2551; x_wconf 90' lang='lat' dir='ltr'>manu</span> <span class='ocrx_word' id='word_1_146' title='bbox 855 2480 1083 2579; x_wconf 87' lang='lat' dir='ltr'>promisisset,</span> <span class='ocrx_word' id='word_1_147' title='bbox 1094 2506 1141 2550; x_wconf 87' lang='lat' dir='ltr'>an</span> <span class='ocrx_word' id='word_1_148' title='bbox 1154 2478 1276 2551; x_wconf 76' lang='lat' dir='ltr'>²vultu</span> 
     </span>
     <span class='ocr_line' id='line_1_20' title="bbox 131 2589 1278 2696; baseline -0.001 -30"><span class='ocrx_word' id='word_1_149' title='bbox 131 2589 144 2687; x_wconf 28' lang='grc' dir='ltr'>Ἰ</span> <span class='ocrx_word' id='word_1_150' title='bbox 221 2595 418 2687; x_wconf 88' lang='lat' dir='ltr'>annuisset,</span> <span class='ocrx_word' id='word_1_151' title='bbox 434 2597 569 2670; x_wconf 87' lang='lat' dir='ltr'>dedisse</span> <span class='ocrx_word' id='word_1_152' title='bbox 580 2597 688 2669; x_wconf 83' lang='lat' dir='ltr'>fidem</span> <span class='ocrx_word' id='word_1_153' title='bbox 702 2618 736 2669; x_wconf 90' lang='lat' dir='ltr'>et</span> <span class='ocrx_word' id='word_1_154' title='bbox 748 2597 971 2671; x_wconf 86' lang='lat' dir='ltr'>confirmasse</span> <span class='ocrx_word' id='word_1_155' title='bbox 984 2623 1082 2696; x_wconf 89' lang='lat' dir='ltr'>spem</span> <span class='ocrx_word' id='word_1_156' title='bbox 1096 2594 1215 2693; x_wconf 90' lang='lat' dir='ltr'>puella</span> <span class='ocrx_word' id='word_1_157' title='bbox 1228 2595 1278 2665; x_wconf 91' lang='lat' dir='ltr'>vi·</span> 
     </span>
     <span class='ocr_line' id='line_1_21' title="bbox 222 2707 1278 2812; baseline -0.005 -29"><span class='ocrx_word' id='word_1_158' title='bbox 222 2712 377 2803; x_wconf 88' lang='lat' dir='ltr'>deretur,</span> <span class='ocrx_word' id='word_1_159' title='bbox 393 2739 469 2810; x_wconf 89' lang='lat' dir='ltr'>quae</span> <span class='ocrx_word' id='word_1_160' title='bbox 484 2713 572 2786; x_wconf 88' lang='lat' dir='ltr'>facie</span> <span class='ocrx_word' id='word_1_161' title='bbox 585 2714 769 2802; x_wconf 86' lang='lat' dir='ltr'>affectum,</span> <span class='ocrx_word' id='word_1_162' title='bbox 783 2739 859 2812; x_wconf 88' lang='lat' dir='ltr'>quae</span> <span class='ocrx_word' id='word_1_163' title='bbox 871 2712 949 2784; x_wconf 91' lang='lat' dir='ltr'>totis</span> <span class='ocrx_word' id='word_1_164' title='bbox 961 2711 1073 2782; x_wconf 88' lang='lat' dir='ltr'>oculis</span> <span class='ocrx_word' id='word_1_165' title='bbox 1086 2707 1278 2781; x_wconf 88' lang='lat' dir='ltr'>misericor-</span> 
     </span>
     <span class='ocr_line' id='line_1_22' title="bbox 222 2824 1277 2927; baseline -0.005 -27"><span class='ocrx_word' id='word_1_166' title='bbox 222 2829 319 2900; x_wconf 86' lang='lat' dir='ltr'>diam</span> <span class='ocrx_word' id='word_1_167' title='bbox 344 2829 517 2927; x_wconf 86' lang='lat' dir='ltr'>prodidit?</span> <span class='ocrx_word' id='word_1_168' title='bbox 539 2829 632 2902; x_wconf 85' lang='lat' dir='ltr'>flevit</span> <span class='ocrx_word' id='word_1_169' title='bbox 650 2857 657 2900; x_wconf 93' lang='lat'><strong>:</strong></span> <span class='ocrx_word' id='word_1_170' title='bbox 681 2829 777 2900; x_wconf 91' lang='lat' dir='ltr'>idem</span> <span class='ocrx_word' id='word_1_171' title='bbox 794 2827 877 2901; x_wconf 84' lang='lat' dir='ltr'>lecit</span> <span class='ocrx_word' id='word_1_172' title='bbox 893 2825 989 2925; x_wconf 89' lang='lat' dir='ltr'>quod</span> <span class='ocrx_word' id='word_1_173' title='bbox 1004 2824 1072 2912; x_wconf 93' lang='lat' dir='ltr'>illi,</span> <span class='ocrx_word' id='word_1_174' title='bbox 1097 2824 1158 2922; x_wconf 93' lang='lat' dir='ltr'>qui</span> <span class='ocrx_word' id='word_1_175' title='bbox 1175 2851 1277 2923; x_wconf 76' lang='lat' dir='ltr'>roga-</span> 
     </span>
     <span class='ocr_line' id='line_1_23' title="bbox 222 2938 1277 3039; baseline -0.005 -26"><span class='ocrx_word' id='word_1_176' title='bbox 222 2943 321 3029; x_wconf 92' lang='lat' dir='ltr'>bant;</span> <span class='ocrx_word' id='word_1_177' title='bbox 335 2943 379 3014; x_wconf 93' lang='lat' dir='ltr'>ad</span> <span class='ocrx_word' id='word_1_178' title='bbox 392 2943 611 3015; x_wconf 88' lang='lat' dir='ltr'>mentionem</span> <span class='ocrx_word' id='word_1_179' title='bbox 622 2941 785 3039; x_wconf 91' lang='lat' dir='ltr'>periculi,</span> <span class='ocrx_word' id='word_1_180' title='bbox 801 2943 847 3013; x_wconf 89' lang='lat' dir='ltr'>ad</span> <span class='ocrx_word' id='word_1_181' title='bbox 859 2940 1076 3013; x_wconf 88' lang='lat' dir='ltr'>mentionem</span> <span class='ocrx_word' id='word_1_182' title='bbox 1089 2938 1277 3028; x_wconf 88' lang='lat' dir='ltr'>carnificis,</span> 
     </span>
     <span class='ocr_line' id='line_1_24' title="bbox 224 3055 1277 3156; baseline -0.001 -30"><span class='ocrx_word' id='word_1_183' title='bbox 224 3056 347 3128; x_wconf 88' lang='lat' dir='ltr'>uberes</span> <span class='ocrx_word' id='word_1_184' title='bbox 369 3056 527 3129; x_wconf 88' lang='lat' dir='ltr'>lacrimas</span> <span class='ocrx_word' id='word_1_185' title='bbox 551 3057 727 3156; x_wconf 83' lang='lat' dir='ltr'>profudit3</span> <span class='ocrx_word' id='word_1_186' title='bbox 757 3077 845 3130; x_wconf 90' lang='lat' dir='ltr'>certe</span> <span class='ocrx_word' id='word_1_187' title='bbox 869 3083 941 3128; x_wconf 92' lang='lat' dir='ltr'>non</span> <span class='ocrx_word' id='word_1_188' title='bbox 962 3055 1063 3127; x_wconf 91' lang='lat' dir='ltr'>video</span> <span class='ocrx_word' id='word_1_189' title='bbox 1084 3055 1277 3142; x_wconf 85' lang='lat' dir='ltr'>affectum,</span> 
     </span>
     <span class='ocr_line' id='line_1_25' title="bbox 224 3168 1278 3271; baseline -0.002 -30"><span class='ocrx_word' id='word_1_190' title='bbox 224 3171 286 3268; x_wconf 91' lang='lat' dir='ltr'>qui</span> <span class='ocrx_word' id='word_1_191' title='bbox 308 3171 454 3243; x_wconf 87' lang='lat' dir='ltr'>occidat.</span> <span class='ocrx_word' id='word_1_192' title='bbox 473 3171 540 3244; x_wconf 90' lang='lat' dir='ltr'>Sed</span> <span class='ocrx_word' id='word_1_193' title='bbox 561 3172 669 3244; x_wconf 91' lang='lat' dir='ltr'>tacuit</span> <span class='ocrx_word' id='word_1_194' title='bbox 688 3200 695 3243; x_wconf 92' lang='lat'>:</span> <span class='ocrx_word' id='word_1_195' title='bbox 720 3171 851 3271; x_wconf 91' lang='lat' dir='ltr'>alioqui</span> <span class='ocrx_word' id='word_1_196' title='bbox 869 3170 935 3242; x_wconf 91' lang='lat' dir='ltr'>hoc</span> <span class='ocrx_word' id='word_1_197' title='bbox 951 3197 1010 3246; x_wconf 90' lang='lat' dir='ltr'>vos</span> <span class='ocrx_word' id='word_1_198' title='bbox 1027 3168 1214 3267; x_wconf 76' lang='lat' dir='ltr'>exigebatis</span> <span class='ocrx_word' id='word_1_199' title='bbox 1231 3169 1278 3239; x_wconf 91' lang='lat' dir='ltr'>ab</span> 
     </span>
     <span class='ocr_line' id='line_1_26' title="bbox 225 3284 1280 3386; baseline 0 -31"><span class='ocrx_word' id='word_1_200' title='bbox 225 3311 281 3375; x_wconf 89' lang='lat' dir='ltr'>ca,</span> <span class='ocrx_word' id='word_1_201' title='bbox 306 3313 382 3383; x_wconf 86' lang='lat' dir='ltr'>quae</span> <span class='ocrx_word' id='word_1_202' title='bbox 407 3287 513 3359; x_wconf 90' lang='lat' dir='ltr'>modo</span> <span class='ocrx_word' id='word_1_203' title='bbox 538 3287 634 3386; x_wconf 78' lang='lat' dir='ltr'>virgo</span> <span class='ocrx_word' id='word_1_204' title='bbox 655 3286 802 3377; x_wconf 80' lang='lat' dir='ltr'>luerat3,</span> <span class='ocrx_word' id='word_1_205' title='bbox 821 3313 897 3384; x_wconf 88' lang='lat' dir='ltr'>quae</span> <span class='ocrx_word' id='word_1_206' title='bbox 918 3287 984 3359; x_wconf 90' lang='lat' dir='ltr'>hoc</span> <span class='ocrx_word' id='word_1_207' title='bbox 1001 3312 1131 3360; x_wconf 88' lang='lat' dir='ltr'>nomen</span> <span class='ocrx_word' id='word_1_208' title='bbox 1155 3284 1280 3383; x_wconf 88' lang='lat' dir='ltr'>paullo</span> 
     </span>
    </p>
   </div>
   <div class='ocr_carea' id='block_1_3' title="bbox 225 3473 1282 4109">
    <p class='ocr_par' dir='ltr' id='par_1_3' title="bbox 225 3473 1282 4109">
     <span class='ocr_line' id='line_1_27' title="bbox 264 3473 1281 3548; baseline 0.001 -25"><span class='ocrx_word' id='word_1_209' title='bbox 264 3491 286 3523; x_wconf 87' lang='lat'>1.</span> <span class='ocrx_word' id='word_1_210' title='bbox 309 3473 424 3525; x_wconf 79' lang='lat' dir='ltr'>Tantum</span> <span class='ocrx_word' id='word_1_211' title='bbox 448 3495 511 3527; x_wconf 82' lang='lat' dir='ltr'>noa.</span> <span class='ocrx_word' id='word_1_212' title='bbox 530 3479 591 3547; x_wconf 77' lang='lat' dir='ltr'>Leg.</span> <span class='ocrx_word' id='word_1_213' title='bbox 615 3489 732 3529; x_wconf 83' lang='lat' dir='ltr'>tantum·</span> <span class='ocrx_word' id='word_1_214' title='bbox 772 3476 957 3548; x_wconf 83' lang='lat' dir='ltr'>donon,quod</span> <span class='ocrx_word' id='word_1_215' title='bbox 967 3474 1087 3548; x_wconf 90' lang='lat' dir='ltr'>pluribus</span> <span class='ocrx_word' id='word_1_216' title='bbox 1097 3473 1141 3526; x_wconf 91' lang='lat' dir='ltr'>hic</span> <span class='ocrx_word' id='word_1_217' title='bbox 1150 3476 1281 3546; x_wconf 81' lang='lat' dir='ltr'>persequi</span> 
     </span>
     <span class='ocr_line' id='line_1_28' title="bbox 226 3554 1280 3628; baseline 0.004 -26"><span class='ocrx_word' id='word_1_218' title='bbox 226 3569 293 3618; x_wconf 82' lang='lat' dir='ltr'>noo,</span> <span class='ocrx_word' id='word_1_219' title='bbox 312 3571 366 3604; x_wconf 93' lang='lat' dir='ltr'>uno</span> <span class='ocrx_word' id='word_1_220' title='bbox 390 3555 538 3622; x_wconf 82' lang='lat' dir='ltr'>vocabulo,</span> <span class='ocrx_word' id='word_1_221' title='bbox 561 3555 731 3628; x_wconf 86' lang='lat' dir='ltr'>quodetiam</span> <span class='ocrx_word' id='word_1_222' title='bbox 771 3577 826 3610; x_wconf 90' lang='lat' dir='ltr'>non</span> <span class='ocrx_word' id='word_1_223' title='bbox 846 3572 885 3610; x_wconf 88' lang='lat' dir='ltr'>est</span> <span class='ocrx_word' id='word_1_224' title='bbox 896 3561 1010 3610; x_wconf 87' lang='lat' dir='ltr'>instituti</span> <span class='ocrx_word' id='word_1_225' title='bbox 1024 3558 1117 3609; x_wconf 86' lang='lat' dir='ltr'>nostri.</span> <span class='ocrx_word' id='word_1_226' title='bbox 1132 3558 1206 3608; x_wconf 77' lang='lat' dir='ltr'>Prius.</span> <span class='ocrx_word' id='word_1_227' title='bbox 1227 3554 1280 3608; x_wconf 91' lang='lat' dir='ltr'>Sed</span> 
     </span>
     <span class='ocr_line' id='line_1_29' title="bbox 225 3630 1280 3702; baseline 0.008 -20"><span class='ocrx_word' id='word_1_228' title='bbox 225 3630 346 3702; x_wconf 88' lang='lat' dir='ltr'>pluribus</span> <span class='ocrx_word' id='word_1_229' title='bbox 368 3645 507 3686; x_wconf 89' lang='lat' dir='ltr'>auctorum</span> <span class='ocrx_word' id='word_1_230' title='bbox 528 3648 647 3688; x_wconf 82' lang='lat' dir='ltr'>veterum</span> <span class='ocrx_word' id='word_1_231' title='bbox 665 3636 731 3688; x_wconf 90' lang='lat' dir='ltr'>locis</span> <span class='ocrx_word' id='word_1_232' title='bbox 772 3659 820 3693; x_wconf 89' lang='lat' dir='ltr'>cur</span> <span class='ocrx_word' id='word_1_233' title='bbox 831 3659 886 3692; x_wconf 91' lang='lat' dir='ltr'>non</span> <span class='ocrx_word' id='word_1_234' title='bbox 903 3639 990 3693; x_wconf 85' lang='lat' dir='ltr'>divisis</span> <span class='ocrx_word' id='word_1_235' title='bbox 1003 3638 1131 3691; x_wconf 75' lang='lat' dir='ltr'>vocibus?</span> <span class='ocrx_word' id='word_1_236' title='bbox 1149 3649 1180 3690; x_wconf 91' lang='lat' dir='ltr'>ut</span> <span class='ocrx_word' id='word_1_237' title='bbox 1197 3638 1280 3690; x_wconf 89' lang='lat' dir='ltr'>toties</span> 
     </span>
     <span class='ocr_line' id='line_1_30' title="bbox 226 3714 1282 3789; baseline 0.005 -26"><span class='ocrx_word' id='word_1_238' title='bbox 226 3714 394 3783; x_wconf 76' lang='lat' dir='ltr'>ignoratione</span> <span class='ocrx_word' id='word_1_239' title='bbox 417 3728 572 3787; x_wconf 88' lang='lat' dir='ltr'>corruptum</span> <span class='ocrx_word' id='word_1_240' title='bbox 599 3731 651 3783; x_wconf 88' lang='lat' dir='ltr'>est,</span> <span class='ocrx_word' id='word_1_241' title='bbox 675 3736 731 3769; x_wconf 91' lang='lat' dir='ltr'>non</span> <span class='ocrx_word' id='word_1_242' title='bbox 769 3721 826 3789; x_wconf 89' lang='lat' dir='ltr'>jam</span> <span class='ocrx_word' id='word_1_243' title='bbox 843 3721 871 3770; x_wconf 91' lang='lat' dir='ltr'>in</span> <span class='ocrx_word' id='word_1_244' title='bbox 887 3715 1130 3770; x_wconf 80' lang='lat' dir='ltr'>Declamationibus</span> <span class='ocrx_word' id='word_1_245' title='bbox 1141 3715 1282 3787; x_wconf 89' lang='lat' dir='ltr'>prioribus</span> 
     </span>
     <span class='ocr_line' id='line_1_31' title="bbox 225 3791 895 3866; baseline 0.012 -22"><span class='ocrx_word' id='word_1_246' title='bbox 225 3791 307 3845; x_wconf 88' lang='lat' dir='ltr'>modo</span> <span class='ocrx_word' id='word_1_247' title='bbox 329 3795 400 3866; x_wconf 88' lang='lat' dir='ltr'>apud</span> <span class='ocrx_word' id='word_1_248' title='bbox 419 3796 554 3849; x_wconf 84' lang='lat' dir='ltr'>Valerium</span> <span class='ocrx_word' id='word_1_249' title='bbox 572 3799 732 3866; x_wconf 80' lang='lat' dir='ltr'>Maximum,</span> <span class='ocrx_word' id='word_1_250' title='bbox 772 3800 895 3852; x_wconf 84' lang='lat' dir='ltr'>vidimus.</span> 
     </span>
     <span class='ocr_line' id='line_1_32' title="bbox 226 3871 1215 3951; baseline 0.003 -26"><span class='ocrx_word' id='word_1_251' title='bbox 226 3871 273 3925; x_wconf 86' lang='lat' dir='ltr'>sed</span> <span class='ocrx_word' id='word_1_252' title='bbox 292 3887 318 3924; x_wconf 89' lang='lat' dir='ltr'>et</span> <span class='ocrx_word' id='word_1_253' title='bbox 336 3873 408 3945; x_wconf 80' lang='lat' dir='ltr'>apud</span> <span class='ocrx_word' id='word_1_254' title='bbox 427 3875 568 3944; x_wconf 88' lang='lat' dir='ltr'>Senecam,</span> <span class='ocrx_word' id='word_1_255' title='bbox 586 3877 731 3932; x_wconf 80' lang='lat' dir='ltr'>Asconium</span> <span class='ocrx_word' id='word_1_256' title='bbox 809 3901 833 3934; x_wconf 84' lang='lat'>2.</span> <span class='ocrx_word' id='word_1_257' title='bbox 848 3881 892 3933; x_wconf 83' lang='lat' dir='ltr'>An</span> <span class='ocrx_word' id='word_1_258' title='bbox 907 3880 990 3935; x_wconf 82' lang='lat' dir='ltr'>vultu.</span> <span class='ocrx_word' id='word_1_259' title='bbox 1001 3882 1063 3951; x_wconf 73' lang='lat' dir='ltr'>Leg.</span> <span class='ocrx_word' id='word_1_260' title='bbox 1076 3889 1123 3930; x_wconf 83' lang='lat' dir='ltr'>aut</span> <span class='ocrx_word' id='word_1_261' title='bbox 1133 3875 1215 3929; x_wconf 80' lang='lat' dir='ltr'>uultu.</span> 
     </span>
     <span class='ocr_line' id='line_1_33' title="bbox 227 3951 1281 4032; baseline 0.003 -27"><span class='ocrx_word' id='word_1_262' title='bbox 227 3966 253 4005; x_wconf 92' lang='lat' dir='ltr'>et</span> <span class='ocrx_word' id='word_1_263' title='bbox 279 3951 435 4004; x_wconf 88' lang='lat' dir='ltr'>Suetonium</span> <span class='ocrx_word' id='word_1_264' title='bbox 458 3955 662 4026; x_wconf 86' lang='lat' dir='ltr'>Tranquillum,</span> <span class='ocrx_word' id='word_1_265' title='bbox 686 3959 732 4028; x_wconf 89' lang='lat' dir='ltr'>qui</span> <span class='ocrx_word' id='word_1_266' title='bbox 808 3960 833 4011; x_wconf 87' lang='lat'>3.</span> <span class='ocrx_word' id='word_1_267' title='bbox 856 3961 918 4030; x_wconf 78' lang='lat' dir='ltr'>Quor</span> <span class='ocrx_word' id='word_1_268' title='bbox 933 3959 1011 4011; x_wconf 87' lang='lat' dir='ltr'>modo</span> <span class='ocrx_word' id='word_1_269' title='bbox 1027 3958 1100 4032; x_wconf 66' lang='lat' dir='ltr'>virgo</span> <span class='ocrx_word' id='word_1_270' title='bbox 1113 3957 1217 4028; x_wconf 77' lang='lat' dir='ltr'>fuerat.</span> <span class='ocrx_word' id='word_1_271' title='bbox 1237 3955 1281 4009; x_wconf 91' lang='lat' dir='ltr'>Cl.</span> 
     </span>
     <span class='ocr_line' id='line_1_34' title="bbox 227 4030 1281 4109; baseline 0.004 -25"><span class='ocrx_word' id='word_1_272' title='bbox 227 4045 253 4084; x_wconf 91' lang='lat' dir='ltr'>et</span> <span class='ocrx_word' id='word_1_273' title='bbox 272 4030 363 4084; x_wconf 88' lang='lat' dir='ltr'>eadem</span> <span class='ocrx_word' id='word_1_274' title='bbox 379 4033 465 4086; x_wconf 85' lang='lat' dir='ltr'>forma</span> <span class='ocrx_word' id='word_1_275' title='bbox 480 4035 655 4109; x_wconf 81' lang='lat' dir='ltr'>tantumquod</span> <span class='ocrx_word' id='word_1_276' title='bbox 667 4035 732 4088; x_wconf 83' lang='lat' dir='ltr'>dixit</span> <span class='ocrx_word' id='word_1_277' title='bbox 771 4039 872 4090; x_wconf 87' lang='lat' dir='ltr'>Bestius</span> <span class='ocrx_word' id='word_1_278' title='bbox 890 4037 925 4090; x_wconf 81' lang='lat' dir='ltr'>de</span> <span class='ocrx_word' id='word_1_279' title='bbox 941 4040 1036 4089; x_wconf 88' lang='lat' dir='ltr'>ration.</span> <span class='ocrx_word' id='word_1_280' title='bbox 1050 4034 1160 4088; x_wconf 82' lang='lat' dir='ltr'>Emend.</span> <span class='ocrx_word' id='word_1_281' title='bbox 1177 4036 1243 4105; x_wconf 73' lang='lat' dir='ltr'>Lag.</span> <span class='ocrx_word' id='word_1_282' title='bbox 1256 4055 1281 4088; x_wconf 89' lang='lat' dir='ltr'>c.</span> 
     </span>
    </p>
   </div>
   <div class='ocr_carea' id='block_1_4' title="bbox 226 4109 1300 4198">
    <p class='ocr_par' dir='ltr' id='par_1_4' title="bbox 226 4109 1300 4198">
     <span class='ocr_line' id='line_1_35' title="bbox 226 4109 1300 4198; baseline 0.006 -36"><span class='ocrx_word' id='word_1_283' title='bbox 226 4129 291 4181; x_wconf 89' lang='lat' dir='ltr'>pro,</span> <span class='ocrx_word' id='word_1_284' title='bbox 303 4109 425 4178; x_wconf 82' lang='lat' dir='ltr'>vixdum,</span> <span class='ocrx_word' id='word_1_285' title='bbox 438 4125 468 4165; x_wconf 89' lang='lat' dir='ltr'>ut</span> <span class='ocrx_word' id='word_1_286' title='bbox 479 4113 663 4198; x_wconf 70' lang='lat' dir='ltr'>Marcellinus,</span> <span class='ocrx_word' id='word_1_287' title='bbox 676 4134 732 4167; x_wconf 90' lang='lat' dir='ltr'>mo·</span> <span class='ocrx_word' id='word_1_288' title='bbox 771 4117 841 4184; x_wconf 88' lang='lat' dir='ltr'>XIV,</span> <span class='ocrx_word' id='word_1_289' title='bbox 854 4116 875 4188; x_wconf 86' lang='lat'>§.</span> <span class='ocrx_word' id='word_1_290' title='bbox 893 4119 927 4172; x_wconf 83' lang='lat'>8:</span> <span class='ocrx_word' id='word_1_291' title='bbox 940 4120 977 4171; x_wconf 81' lang='lat' dir='ltr'>ita</span> <span class='ocrx_word' id='word_1_292' title='bbox 994 4116 1057 4188; x_wconf 78' lang='lat' dir='ltr'>legit</span> <span class='ocrx_word' id='word_1_293' title='bbox 1078 4130 1105 4170; x_wconf 86' lang='lat' dir='ltr'>et</span> <span class='ocrx_word' id='word_1_294' title='bbox 1124 4115 1280 4185; x_wconf 76' lang='lat' dir='ltr'>distinguit:</span> <span class='ocrx_word' id='word_1_295' title='bbox 1296 4120 1300 4127; x_wconf 95' lang='lat'>&#39;</span> 
     </span>
    </p>
   </div>
   <div class='ocr_carea' id='block_1_5' title="bbox 0 0 1332 4816">
    <p class='ocr_par' dir='ltr' id='par_1_5' title="bbox 0 0 1332 4816">
     <span class='ocr_line' id='line_1_36' title="bbox 0 0 1332 4816; baseline 0 0"><span class='ocrx_word' id='word_1_296' title='bbox 0 0 1332 4816; x_wconf 95' lang='lat' dir='ltr'> </span> 
     </span>
    </p>
   </div>
  </div>
 </body>
</html>
