2626 4816
132 371 174 437 38
382 366 430 429 Μ.
455 362 583 427 FABII
606 358 928 444 QUINTILIANI

133 490 265 565 diutius
285 487 390 589 quari
408 505 536 587 potest,
556 510 602 555 an
617 481 834 554 maleficium
847 480 909 570 sit,
925 479 1025 582 cujus
1042 502 1187 579 poenam

130 609 265 696 solvat¹;
278 603 462 706 praemium
476 616 589 701 operae
601 598 773 675 nouclam
785 624 899 696 neque
910 616 1053 686 secreto,
1063 620 1187 695 quam·

132 754 238 826 quam
260 725 325 797 ista
341 748 481 820 qnoque
499 721 652 818 profecto
665 719 861 805 factasunt,
879 715 939 787 sed
956 713 1073 814 palam
1089 709 1186 811 apud

131 838 394 941 magistratusin
404 834 520 908 medio
529 832 967 907 foronumeret?Vidimus
976 829 1098 902 decern
1109 824 1186 897 mil·

130 956 189 1047 lia,
203 952 435 1053 quaeparasito
444 950 596 1023 donasti:
614 951 918 1048 interrog0‚quare
928 946 1022 1017 ?n0n
1032 964 1082 1016 est
1093 940 1186 1014 istud

131 1090 274 1170 propter
283 1068 395 1164 longae
405 1065 576 1139 servitutis
584 1065 709 1154 officia,
720 1091 791 1135 non
803 1063 958 1150 iliarum,
970 1061 1099 1158 quibus
1108 1083 1187 1158 gra·

131 1185 218 1258 tiam
226 1177 1186 1277 meruit,contumeliarum:decemmilliadedisti,quod

132 1298 316 1398 rapuisset:
334 1297 401 1370 nisi
418 1299 572 1388 deberes,
584 1324 724 1370 summa
738 1295 981 1392 indignatione
996 1296 1102 1367 etiam
1118 1297 1188 1368 vin·

131 1414 245 1486 dicare
259 1415 438 1486 volueras:
459 1413 615 1511 namqui
631 1412 852 1485 candidatam
863 1411 1045 1483 sacerdotii
1061 1414 1187 1511 rapuit,

130 1530 476 1630 nocueratexemplo,
484 1528 748 1627 ettibi.lgituret
756 1526 962 1627 inscriptum
971 1526 1187 1600 maleficium

132 1665 181 1717 est
197 1645 362 1719 adversus
377 1673 477 1738 eum,
495 1672 578 1718 cunt
596 1671 666 1740 quo
683 1643 816 1742 agitur:
832 1664 867 1714 et
883 1643 1099 1715 maleficium
1114 1671 1187 1717 non

101 1855 103 1859 y
131 1761 247 1833 solum
269 1763 485 1850 confessum,
510 1761 570 1832 sed
593 1760 697 1832 etiarn
719 1787 819 1858 grave
837 1787 877 1832 ex
893 1759 948 1831 bis
965 1781 1127 1858 apparet,
1156 1782 1188 1833 et

132 1901 172 1947 ex
190 1902 337 1974 persona
349 1876 506 1974 parasiti,
521 1873 582 1974 qui
597 1900 785 1973 nunquam
809 1876 854 1947 ad
869 1896 1004 1948 tantam
1019 1876 1187 1974 peccandi

131 1989 317 2062 audaciam
329 1991 549 2090 processisset
560 2017 624 2062 sua
635 2011 772 2089 sponte3
791 2011 876 2061 etex
891 2017 1039 2090 persona
1053 1991 1187 2084 divitis,

132 2127 166 2177 et
178 2133 218 2177 ex
235 2105 362 2193 causis,
378 2126 461 2178 etex
480 2106 725 2178 numeratione
739 2106 914 2204 pecuniae3
932 2134 972 2178 ex
986 2128 1111 2179 eventu
1126 2108 1189 2178 de-

132 2220 259 2318 nique,
278 2222 357 2321 quis
380 2220 574 2322 impulerit,
590 2222 670 2320 quis
689 2222 850 2321 coegerit.
867 2227 1051 2322 Superest,
1075 2245 1116 2295 ut
1132 2250 1190 2295 os·

131 2337 292 2428 tendam,
310 2365 383 2410 non
400 2337 485 2437 quid
502 2340 673 2437 parasitus
694 2339 881 2439 acceperit,
903 2340 963 2411 sed
985 2340 1071 2437 quid
1093 2340 1189 2412 dives

132 2451 218 2551 ipse.
254 2451 435 2544 Quaeritis,
465 2454 550 2552 quid
577 2451 638 2524 iste
668 2474 693 2523 x
721 2453 879 2525 millibus
903 2454 1046 2526 emerit?
1073 2455 1187 2526 videte

132 2568 242 2643 filiam
255 2591 391 2663 contra,
408 2572 623 2643 sacerdotem
635 2583 661 2662 ²,
677 2570 789 2643 videte
806 2570 923 2662 vittas,
938 2571 1052 2644 videte
1073 2571 1189 2643 bono-

132 2711 195 2757 res.
217 2687 371 2758 Fortasse
384 2713 448 2784 ego
461 2686 610 2785 superbe
628 2685 754 2758 faciam
769 2708 875 2785 atque
892 2707 1111 2785 arroganter,
1126 2686 1188 2785 qui

132 2821 314 2900 tamquam
343 2802 512 2902 privatam
542 2802 734 2903 injuriam,
762 2823 945 2901 tamquam
969 2803 1187 2875 maleficium

132 2915 294 3011 adversus
312 2943 369 2988 me
392 2916 620 2988 commissum
642 2910 847 3015 persequar:
872 2938 980 3016 quota
1002 2920 1100 2990 eninr
1122 2944 1187 3016 ego

133 3032 344 3131 sumportio
360 3031 459 3104 istius
472 3030 745 3130 indignationis?
761 3032 898 3132 perdidi
911 3033 986 3106 sine
999 3033 1109 3107 dubio
1124 3034 1188 3106 ho-

133 3173 279 3238 norem,
309 3147 603 3246 pretiosissimum
631 3177 828 3249 pauperum
853 3177 1022 3223 censum:
1047 3149 1186 3251 perdidi

132 3261 375 3361 virginitatem
391 3263 471 3335 filiae
488 3291 595 3356 meae,
618 3286 651 3337 et
664 3265 720 3338 cui
737 3266 844 3338 modo
859 3266 1093 3340 sacerdotium
1111 3293 1187 3366 spe-

133 3377 270 3469 rabam,
292 3378 437 3476 difficiie
459 3379 666 3452 inventurus
689 3407 768 3452 sum
792 3382 895 3453 etiam
913 3382 1091 3453 maritum.
1117 3382 1186 3453 Sed

133 3491 285 3591 populus
306 3492 461 3592 perdidit
479 3494 663 3566 arbitrium
681 3494 788 3569 dandi
806 3496 969 3569 honoris:
987 3497 1047 3570 sed
1064 3498 1186 3595 paullo

170 3695 194 3731 1.
219 3680 296 3752 Cujus
312 3698 419 3752 poenam
439 3681 530 3735 solvat.
552 3684 640 3754 Lege,
680 3702 743 3735 nam
766 3684 866 3752 solvat,
888 3697 915 3737 et
933 3684 1070 3756 praemium
1093 3701 1184 3757 opera.

133 3763 207 3832 cujus
211 3760 397 3833 poenaroluta,
405 3773 431 3814 et
435 3763 574 3834 preamium
582 3780 641 3836 ope·
718 3779 742 3814 a.
754 3761 850 3815 ultam
862 3773 952 3815 contra
964 3761 1128 3815 sacerdotem.
1143 3761 1186 3814 ld·

133 3858 177 3894 roe.
196 3843 307 3897 Senatu.
328 3846 407 3917 Cujus
425 3844 567 3917 proemr‘um
587 3845 639 3898 rol·
681 3841 746 3895 liam
755 3854 845 3897 contra
855 3844 991 3896 arbitrium
1003 3842 1098 3916 populi
1105 3862 1186 3897 sacer·

134 3934 191 3992 vat,
202 3924 342 3995 proemt'um
354 3943 450 3997 operta,
464 3939 529 3991 eta,
541 3927 578 3979 ita
590 3925 640 3977 dis·
681 3918 766 3978 dotem
773 3965 783 3993 ,
795 3925 929 3978 AErodius.
946 3925 1030 3977 Male:
1043 3937 1134 3979 contra
1147 3937 1186 3978 est

134 4006 231 4075 tinguit
241 4005 404 4061 Obrechtus.
418 4008 559 4073 Francius,
568 4009 641 4081 cnjus
680 4026 731 4080 pro
743 4007 796 4060 isto
807 4008 894 4080 pretio
907 4023 923 4058 x
935 4006 1060 4077 millium,
1079 4021 1109 4060 ut
1123 4007 1186 4061 dici·

132 4101 238 4157 poenam
247 4086 332 4141 solvit.
345 4086 484 4156 AErodim,
498 4092 576 4164 Cnjur
586 4107 640 4161 pua·
680 4106 739 4142 mus
750 4106 816 4140 auro
827 4097 917 4140 contra
931 4106 1029 4141 aarum.
