2626 4816
135 411 172 488 ¹4
384 409 430 471 nl.
456 408 581 470 FABll
605 406 928 488 QUINTlLlANl

129 553 283 605 tumeat.
305 532 404 623 Quid
425 531 596 630 amplius?
618 556 702 602 nam
726 529 815 602 sicut
836 531 945 602 coitus
968 549 1072 626 atque
1099 555 1190 600 con-

130 674 265 746 gressus
284 647 369 718 citra
388 645 446 745 jus
466 671 539 716 non
556 644 709 716 efficeret
726 671 890 735 uxorem,
909 645 956 716 ita
973 670 1059 716 uxor
1078 642 1189 715 ctiam

127 763 215 836 citra
235 763 329 834 haec¹
348 781 478 833 manet.
499 761 540 832 Id
561 786 603 833 err
617 760 829 858 quotidianis
845 780 878 832 et
895 760 932 831 in
954 761 1108 832 frontem
1129 759 1189 829 in-

126 879 350 952 currentibus
363 878 551 977 approbari
564 898 685 976 potest.
696 880 789 948 Nam
801 897 840 949 ut
852 877 896 947 ab
905 877 988 976 ipsis
998 876 1187 974 incipiam:

130 993 392 1092 comprehendo
413 1016 555 1065 uxorem
578 992 714 1063 duxisse
730 991 817 1080 dici;
839 991 905 1063 hoc
923 1013 1002 1063 ante
1024 1013 1188 1080 noctem,

131 1108 197 1179 hoc
210 1129 292 1179 ante
305 1134 548 1207 congressum,
562 1107 628 1179 hoc
642 1108 758 1207 primo
771 1107 885 1179 statim
892 1106 989 1207 jure,
1001 1128 1036 1179 et
1045 1107 1190 1179 fortasse

131 1225 168 1296 in
191 1225 267 1297 aliis
290 1225 400 1324 possit
416 1224 524 1296 videri
546 1224 782 1296 necessarium
801 1245 1021 1323 exspectare:
1047 1223 1122 1295 baec
1147 1222 1190 1292 de

132 1340 264 1440 nuptiis
277 1342 493 1413 convicimus
502 1357 528 1412 ².
539 1343 599 1413 Est
610 1342 757 1440 quidem
765 1340 826 1442 jus
836 1339 1038 1440 patrimonii
1050 1339 1191 1438 explen-

75 1530 77 1535 ,
132 1457 238 1549 dum,
260 1479 378 1530 tamen
402 1479 560 1558 exspecto
583 1480 615 1530 et
636 1458 839 1548 circuitum,
857 1480 890 1530 et
911 1457 1006 1557 quod
1028 1458 1064 1552 id
1087 1479 1189 1556 pcto,

132 1574 402 1646 matrimonium
414 1575 661 1675 jungendum,
673 1575 746 1647 haec
757 1574 795 1646 in
806 1573 978 1676 ejusmodi
990 1573 1190 1645 conditione

131 1714 206 1759 non
217 1710 302 1761 sunt
312 1689 556 1789 exspectanda,
568 1690 651 1788 quia
665 1690 922 1762 antecesserint.
935 1692 1066 1788 Raptor
1077 1689 1107 1759 si
1118 1714 1190 1759 non

134 1803 320 1893 occiditur,
338 1805 416 1905 jam
442 1804 588 1877 maritus
609 1826 683 1876 est:
708 1805 743 1875 id
765 1805 814 1876 sic
837 1832 978 1904 quoque
999 1803 1188 1902 accipitur:

132 1917 196 2015 qui
217 1918 365 1990 maritus
387 1918 469 2008 erit,
494 1946 566 1991 non
589 1941 640 1991 est
660 1919 801 2008 caelebs,
822 1946 899 2020 quae
923 1947 1025 2010 uxor,
1044 1945 1118 1989 non
1138 1917 1190 1987 vi-

134 2031 221 2121 dua,
237 2053 298 2104 aut
315 2033 421 2132 virgo.
437 2036 490 2105 De
507 2054 655 2133 utraque
671 2060 730 2106 vos
746 2061 894 2134 persona
913 2062 977 2134 ego
992 2032 1069 2104 volo
1085 2033 1193 2103 inter·

136 2175 267 2246 rogare.
286 2152 454 2222 Putemus
469 2151 584 2222 statim
599 2151 740 2250 optione
755 2152 854 2223 finita
871 2151 979 2251 quaeri
998 2149 1041 2221 de
1055 2148 1193 2220 adoles-

135 2285 261 2337 cente:
289 2266 465 2339 diceresne
493 2267 596 2339 illum
621 2294 692 2340 esse
717 2268 898 2341 calibem?
924 2287 959 2339 at
987 2267 1015 2339 si
1042 2265 1191 2354 diceres,

135 2381 195 2453 ille
209 2381 400 2455 occurret3.
414 2383 481 2455 Dic
495 2384 604 2482 igitur
619 2384 795 2455 caelibem:
810 2412 954 2456 uxorem
968 2402 1078 2481 potest
1090 2380 1194 2452 aliam

138 2498 285 2570 ducere?
306 2500 478 2598 virginem
500 2500 611 2589 hanc,
640 2521 701 2572 aut
718 2500 881 2590 viduam,
899 2527 971 2571 non
990 2499 1132 2609 diceres.
1149 2500 1195 2568 At

175 2714 197 2748 ι.
215 2699 285 2751 Citra
301 2699 366 2751 ltoec.
380 2701 574 2752 Praecesserunt
591 2698 645 2749 duo
690 2719 755 2750 arno
766 2701 855 2752 statim
862 2701 931 2768 jure.
939 2699 971 2749 Et
979 2698 1128 2749 fortassein
1138 2694 1194 2747 aliis

137 2775 277 2828 masculini
286 2779 406 2846 generis,
416 2780 647 2850 coitiuatquecon-
690 2802 701 2825 u
711 2782 795 2851 possit
803 2778 887 2831 videri
896 2777 1073 2829 necessarium
1086 2794 1195 2847 exspec-

134 2878 241 2931 9ressns.
263 2858 336 2910 Nihil
360 2873 448 2910 tamen
470 2877 584 2909 moveo:
610 2859 647 2908 ita
690 2863 764 2912 «tari
775 2859 839 2911 haec.
849 2860 890 2910 De
900 2859 1000 2928 nuptiis
1011 2857 1194 2910 convenimus.

138 2938 208 2988 cuim
224 2950 250 2988 et
263 2935 362 2988 Fabius
377 2938 498 3001 lust-Vl,
514 2938 544 3002 3,
561 2934 584 3006 §
597 2953 645 3004 29³
690 2963 702 2987 u
711 2944 758 2994 Est
767 2939 874 3013 quidem
881 2945 925 3014 jus
935 2942 1096 2992 matrimonii
1107 2938 1197 3011 exple-

141 3017 272 3069 «Oratori
286 3017 394 3067 minime
409 3017 534 3068 convenit
548 3015 647 3068 distor-
691 3034 784 3072 otum:
803 3034 891 3072 tamen
907 3033 1031 3091 exspecto
1049 3032 1075 3071 et
1094 3021 1197 3072 coitum

141 3118 152 3142 u
163 3094 316 3157 mamitus,
326 3106 483 3166 gestusque,
492 3114 551 3167 quae
562 3096 591 3146 in
603 3095 649 3146 rni-
691 3115 739 3154 «οι
756 3101 798 3168 id,
817 3100 890 3175 quod
903 3114 984 3171 peto,
1003 3101 1196 3171 patrimonium

142 3177 213 3229 «mis
223 3175 307 3227 videri
320 3174 420 3228 solentz
433 3199 444 3224 n
458 3179 495 3229 sic
506 3174 578 3248 apud
588 3175 649 3228 Sue·
692 3205 702 3228 u
709 3180 886 3254 jungendum.
894 3183 988 3232 Haecin
996 3177 1127 3249 ejusmodi
1136 3197 1198 3231 con·

140 3272 196 3309 ton.
207 3253 300 3308 Claud.
314 3258 346 3308 ll.
361 3275 392 3308 ex
401 3257 456 3310 MS.
467 3258 645 3310 Memmiano:
692 3284 703 3308 o
714 3259 815 3312 ditione
833 3278 889 3311 non
911 3271 973 3311 sunt
999 3256 1198 3329 exspectanda,

144 3336 234 3388 aAvioe
255 3335 333 3388 Liviae
352 3334 454 3388 divinos
467 3335 602 3402 honores,
624 3349 650 3387 et
693 3357 798 3411 equum
821 3338 1043 3391 antecesserint.»
1067 3333 1110 3388 vel
1134 3336 1198 3408 qnia

146 3441 157 3465 u
169 3419 281 3470 circensi
292 3436 391 3490 pompa
401 3437 510 3470 currum
520 3417 649 3488 elephun·
689 3418 873 3470 antecesserint.
880 3417 925 3487 (Et
931 3416 1013 3469 habet
1019 3415 1198 3487 niponemx-

147 3520 158 3543 α
169 3512 256 3548 torum
264 3499 414 3568 Augustino
425 3497 550 3564 similem,
561 3496 650 3548 decer·
689 3495 800 3568 spectari
809 3495 863 3547 ltoec
870 3534 879 3560 ,
892 3514 950 3566 quae
960 3494 1074 3559 dixerat,
1082 3505 1198 3559 noctem,

145 3578 254 3630 «nenda
266 3580 379 3630 curavit.
391 3601 402 3626 n
418 3581 502 3630 Bunu.
690 3597 850 3651 conpressum
861 3591 888 3630 et
899 3576 1134 3628 cohabitationem.
1146 3577 1198 3640 Ut,

180 3679 203 3711 2.
227 3659 336 3730 Nuptiis
362 3659 527 3712 convicimus.
561 3660 650 3730 Lego,
691 3660 792 3730 inquit,
805 3655 918 3728 exempli
928 3659 1123 3728 gratia,pactoe
1135 3669 1198 3709 sunt

145 3739 339 3792 Communihus.
359 3739 519 3792 Communes
544 3738 650 3808 nuptias
691 3740 803 3810 nuptiae,
816 3752 872 3788 tum
883 3735 990 3807 quidem
1004 3740 1048 3807 jus
1061 3738 1198 3788 matrimo-

143 3810 233 3886 iocat,
256 3839 314 3892 quae
333 3819 402 3870 fiunt
418 3823 479 3891 jure
500 3820 649 3883 communi,
691 3820 744 3884 nii,
764 3829 814 3870 etc.
830 3815 921 3868 Multis
937 3816 992 3868 haec
1007 3817 1124 3887 probare
1146 3837 1198 3889 po-

145 3898 253 3952 nonillo
262 3895 494 3969 singulariexlege
504 3910 649 3968 raptarum.
692 3911 821 3950 teramus:
845 3893 892 3947 sed
915 3895 1086 3953 festinamus:
1104 3909 1130 3948 et
1155 3916 1198 3949 sa·

143 3983 218 4033 Prra.
238 4010 273 4022 --
291 3981 354 4031 Non
372 3979 482 4050 placent
503 3997 652 4032 communes
691 3977 774 4048 pienti
786 3974 856 4026 satis.
868 3974 953 4026 Guon.

145 4064 250 4133 nuptie.
269 4062 363 4132 Neque
382 4059 435 4113 bac
451 4073 555 4113 tantum
574 4072 651 4132 parte
727 4055 752 4106 3.
763 4051 816 4105 Ille
832 4063 954 4104 occurret.
974 4053 1067 4119 Forte,
1086 4052 1136 4106 itta
1154 4073 1198 4106 oc-

145 4139 249 4192 laborat
262 4138 338 4192 locus
349 4160 355 4190 τ
368 4141 486 4211 corrige:
504 4141 582 4190 oHoc
595 4139 650 4211 pri·
691 4147 810 4190 curreret.
822 4133 931 4186 Scuunr.
