2626 4816
141 367 182 431 50
394 363 441 428 n.
467 362 594 426 rann
617 361 939 445 Qurnrrnmnr

139 487 369 586 recipiantur:
393 484 460 557 hoc
484 504 610 556 natura
637 483 756 556 simile
784 505 852 576 est,
874 485 987 558 facere
1011 485 1142 577 scelus,
1169 509 1194 558 et

138 603 293 702 probare.
313 603 388 690 An,
406 599 434 670 si
449 599 528 697 quis
543 618 703 670 nostrum
721 599 974 697 transfugisset,
992 627 1063 672 non
1078 600 1194 700 ipsum

136 719 242 790 modo
251 716 446 816 pessimum
456 714 781 786 civemetomnibus
791 715 972 815 suppliciis
983 716 1136 815 dignum
1141 715 1195 816 ju·

136 833 310 920 ‹licaretis3
321 830 382 903 sed
392 829 541 900 infamia
551 829 688 920 etiam¹,
704 830 731 901 si
747 830 808 927 qui
822 852 1044 930 receperunt,
1060 852 1095 903 et
1104 832 1195 903 velut

135 970 293 1022 auctores
307 945 495 1034 scelerum,
507 944 603 1015 velut
622 944 802 1043 magistros
816 945 1044 1044 turpitudinis
1055 944 1195 1044 collige·

134 1066 217 1139 retis
228 1091 235 1134 :
248 1064 344 1134 idern
354 1088 426 1132 non
439 1060 658 1135 reflectamus
670 1061 707 1134 in
717 1061 802 1133 nos?
811 1061 956 1134 tandem
966 1062 1117 1135 utilitate
1127 1063 1195 1134 du-

134 1183 191 1272 cti,
202 1181 239 1251 in
254 1177 393 1251 auxiliis
406 1175 558 1247 habituri
572 1203 711 1266 sumus,
724 1203 812 1275 quos
824 1176 1055 1291 recipiemus?
1073 1178 1195 1277 Finga-

132 1325 212 1371 mus
234 1323 314 1368 eam
332 1293 475 1367 civitatis
496 1310 573 1365 esse·
591 1293 788 1384 fortunam,
808 1313 848 1364 ut
866 1292 1003 1364 auxiliis
1020 1321 1110 1392 opus
1129 1296 1195 1367 sit:

133 1415 197 1485 hos
214 1413 251 1483 in
268 1407 450 1482 auxiliis2?
466 1407 597 1480 scilicet
618 1406 680 1506 qui
703 1434 816 1503 quum
839 1433 879 1478 ex
903 1408 1008 1480 altera
1028 1431 1127 1509 parte
1150 1411 1194 1481 in-

132 1551 314 1604 tuerentur
334 1528 503 1628 patriam,
520 1545 553 1596 et
570 1524 780 1596 memoriam
797 1524 970 1624 pueritiae,
988 1545 1021 1596 et
1039 1528 1196 1598 necessi-

132 1647 273 1721 tudines
284 1670 408 1718 omnes
418 1701 428 1734 ,
439 1643 483 1714 ad
494 1643 673 1713 fortunam
688 1660 807 1712 tamen
822 1640 1099 1732 inclinaverunt,
1113 1671 1196 1741 pro-

131 1763 231 1835 niore
250 1789 313 1862 pro
335 1759 437 1832 nobis
460 1776 698 1848 sacramento,
725 1755 867 1828 fortiore
884 1756 1007 1829 animo
1028 1756 1174 1829 stabunt

128 1877 364 1974 (Transfugas
380 1899 454 1944 non
472 1869 567 1943 esse³
584 1870 841 1970 recipiendos.)
861 1871 960 1944 Adeo
984 1872 1125 1945 facilius
1149 1902 1196 1946 es

129 1996 168 2066 in
183 1994 255 2065 istis
270 1993 384 2064 scelus
399 1988 684 2088 deprehendere,
705 2014 813 2086 quarn
832 1989 1099 2088 poenitentiam:
1120 1991 1196 2063 inut

130 2111 191 2183 tile
213 2136 294 2208 ergo
319 2107 478 2179 militnm
500 2132 629 2213 genus,
649 2104 752 2177 nobis
772 2105 923 2179 minime
946 2107 1190 2180 necessarium

131 2227 274 2326 Quippe
297 2225 403 2297 etiarn
421 2224 478 2314 hi,
494 2222 556 2320 qui
573 2221 791 2321 recipiendos
807 2248 879 2294 esse
896 2223 1107 2322 transfugas,
1131 2225 1197 2297 hoc

133 2345 275 2434 dicunt,
299 2341 337 2412 in
356 2339 533 2438 superiore
551 2364 622 2410 esse
644 2336 720 2409 loco
738 2357 894 2409 nostram
912 2337 1103 2410 civitatem:
1130 2365 1196 2412 ne·

133 2488 201 2562 que
220 2458 316 2532 enim
331 2482 451 2530 amore
469 2455 597 2542 nostri,
614 2453 675 2524 sed
693 2472 789 2524 metu
805 2452 1025 2526 imminentis
1043 2455 1189 2527 fortuna

132 2573 384 2673 transfugiunt.
403 2573 460 2642 An
480 2569 618 2642 facilius
633 2567 852 2668 deposituros
874 2567 1093 2669 propositum
1115 2571 1190 2643 bel·

131 2692 229 2765 landi
242 2691 358 2762 hostes
369 2708 550 2789 putamus,
564 2685 592 2756 si
608 2684 724 2784 plures
736 2683 1009 2783 transfugerint?
1021 2684 1188 2757 minime:

133 2836 217 2880 nam
233 2806 291 2897 hi,
310 2806 371 2902 qui
394 2802 529 2874 bellum
547 2827 666 2898 gerere
683 2819 804 2870 contra
819 2825 882 2870 nos
900 2826 972 2870 non
995 2800 1149 2891 audent,
1165 2801 1189 2872 si

133 2927 252 2999 locum
277 2925 315 2994 in
341 2922 476 2993 civitate
504 2940 619 2988 nostra
644 2943 716 2988 non
740 2913 948 3006 habuerint,
970 2944 1058 3019 saepe
1083 2919 1190 3020 depo-

134 3039 243 3114 nendi
260 3036 344 3109 belli
361 3055 519 3107 auctores
534 3053 655 3120 erunt;
676 3058 773 3105 nunc
788 3032 824 3104 in
840 3032 1017 3134 privatum
1033 3033 1102 3107 sibi
1119 3036 1190 3108 sin-

41 3192 46 3203 ·
135 3156 208 3256 guli
227 3154 441 3228 consulunt:
461 3172 511 3223 est
527 3177 699 3250 magnum
718 3150 920 3250 in-singulis
943 3173 1190 3225 momentum:

174 3311 196 3345 1.
209 3292 261 3344 Sed
271 3290 386 3362 infamia
398 3289 487 3341 etiam.
500 3286 586 3357 Lege,
598 3286 642 3338 sed
682 3285 843 3362 reflectamus
855 3287 883 3337 in
897 3305 959 3354 nos,
971 3287 994 3340 si
1006 3287 1114 3340 tandem
1127 3309 1152 3341 a.
1165 3287 1190 3338 d.

133 3375 247 3448 infames
262 3373 350 3423 etiam.
369 3369 489 3422 Gronov.
508 3367 560 3420 Sed
578 3367 641 3438 quid
682 3368 734 3419 i.a.
744 3367 798 3420 las.
808 3367 988 3441 precipimus.
1000 3368 1190 3421 AErodEtiam

132 3468 172 3508 est
185 3447 441 3524 infameseoliiqere,
452 3460 499 3500 ant
509 3446 642 3519 infamia?
680 3450 764 3521 siqui
780 3459 931 3521 receperam
944 3468 987 3502 eos
1002 3449 1075 3502 neiat
1086 3471 1113 3502 a
1128 3471 1148 3504 s.
1167 3471 1189 3503 a.

134 3553 169 3586 an
185 3547 215 3584 ut
231 3528 393 3603 arqumentis
407 3525 546 3599 colliqeae,
564 3526 639 3578 Decl.
681 3546 716 3580 m.
731 3540 749 3580 t.
762 3526 928 3600 eolliqarett's.
941 3528 1017 3580 ldem
1029 3547 1071 3580 ne.
1082 3532 1114 3582 In
1124 3549 1192 3583 mar·

134 3613 237 3677 CCLII,
256 3611 293 3660 ita
314 3607 443 3660 infamia?
459 3605 581 3672 mallem,
597 3605 641 3658 sed
680 3610 741 3680 gine
752 3609 831 3660 etiam
841 3611 925 3682 quasi.
939 3611 1024 3661 Banu.

133 3691 249 3763 infamia
265 3690 360 3753 etiam,
377 3685 458 3759 siqui
474 3697 638 3757 aecepeniat,
717 3706 741 3742 a.
764 3689 819 3742 Hos
838 3692 866 3742 iii
885 3689 999 3744 auxiliis.
1022 3689 1079 3761 Quo
1099 3691 1146 3744 hos
1163 3692 1190 3743 ia

133 3773 240 3829 velata.
252 3790 272 3824 s.
286 3791 310 3823 o.
323 3790 359 3821 m.
371 3780 389 3820 t.
400 3768 566 3841 corriperetis.
577 3769 640 3821 Non
680 3771 805 3825 auxiliis?
817 3771 851 3824 de
863 3790 915 3845 qna
926 3769 1060 3844 particula
1071 3789 1126 3845 quo
1138 3772 1189 3827 vid.

133 3855 216 3909 modo
235 3853 391 3925 judicaretis
412 3850 573 3923 pessimum,
592 3850 640 3904 sed
681 3851 1190 3907 Gronovadsenec.contr0v.scnun.

131 3936 260 3990 notaretis
272 3930 395 3998 infamia,
409 3949 471 3982 mox
481 3929 559 4001 lego,
571 3929 639 3982 idem
716 3932 742 3985 3.
755 3932 916 4007 Transfiiqas
927 3952 980 3986 non
992 3951 1050 3987 esse.
1064 3933 1191 4006 Tramfa·

131 4014 387 4095 nonrefleatemusin
394 4013 509 4085 νιος,ᾳηί
519 4011 639 4077 tandem,
678 4012 796 4084 paedico
813 4029 865 4062 non
881 4010 941 4084 (vel
957 4012 1041 4088 nequ)
1060 4013 1190 4084 recipien-

132 4112 183 4153 etc.
196 4098 236 4153 Cl.
248 4093 430 4164 Schultingius
439 4091 559 4160 volebat,
572 4091 640 4145 idem
680 4093 733 4147 dos.
747 4091 857 4146 Scuurm
1080 4096 1083 4101 ‘
