2626 4816
234 402 657 468 DECLAMATIONES.
682 403 891 470 CCXLVH.
1053 405 1089 470 15

51 528 93 602 ¹de
102 529 202 602 altera
213 527 322 626 quaeri
336 551 591 624 supervacuum
604 547 671 598 est:
689 527 717 598 si
730 526 891 617 viduam,
904 528 1090 630 interrogo,

57 671 95 716 aa
114 663 194 715 esset
217 641 366 738 aliquis,
389 639 492 741 cujus
515 640 717 739 nuptiarum
740 641 905 715 habitura
919 663 1012 716 ¹esset
1033 645 1092 745 jus

59 759 185 860 puella:
213 759 390 831 crederem
417 758 525 856 igitur
550 784 666 857 neque
692 757 791 831 illam
819 759 990 859 virginem
1020 788 1092 834 esse

61 896 210 965 constare,
233 894 267 946 et
283 871 387 945 illum
405 896 480 944 non
498 898 570 944 esse
594 871 769 964 caelibem,
789 875 818 945 si
839 874 914 946 haec
936 903 1039 966 uxor,
1057 898 1095 949 et

62 988 265 1062 illemaritus.
280 989 384 1059 Nunc
398 1013 530 1084 quaero,
545 985 645 1087 cujus
658 987 716 1059 ille
730 989 893 1080 maritus,
908 992 1008 1093 cujus
1020 992 1094 1064 haec

63 1132 142 1178 uror:
156 1104 295 1204 nuptias
311 1125 429 1176 tamen
442 1103 480 1174 in
498 1103 616 1175 domo.
630 1105 769 1203 Nuptiae
787 1105 824 1176 in
839 1106 915 1179 aliis
926 1107 996 1180 sint
1009 1135 1093 1180 sane

63 1220 252 1294 necessariae:
267 1243 483 1319 quamquam
496 1244 541 1290 ne
551 1218 592 1289 id
607 1217 754 1317 quidem
767 1220 891 1320 utique
902 1221 961 1321 jus
976 1224 1095 1324 exigit,
1179 1226 1186 1241 “

64 1362 177 1408 cauam
199 1357 321 1408 tamen
343 1334 381 1405 in
402 1333 510 1406 domo
528 1334 619 1405 hanc
637 1334 767 1407 habeto
788 1339 1011 1421 ostendendae
1032 1367 1095 1412 vo·

64 1450 200 1542 luntatis,
216 1452 329 1525 filiam
346 1450 429 1539 tibi,
446 1472 506 1524 aut
522 1478 600 1523 eam
617 1450 730 1550 ipsam
746 1454 933 1556 conjungi,
949 1483 1025 1552 quae
1040 1457 1094 1528 sui

63 1566 145 1641 habet
164 1585 381 1667 potestatem,
406 1566 485 1636 Hoc
509 1566 605 1664 quod
632 1567 773 1665 nuptiae.
788 1568 973 1658 efficiunt,
999 1571 1096 1668 optio

62 1682 139 1757 fecit:
164 1683 345 1755 videamus
363 1703 412 1752 an
434 1681 543 1753 etiam
565 1682 688 1754 fortius
709 1704 812 1781 atque
831 1684 1093 1757 vehementius:

61 1798 171 1898 quippe
187 1797 263 1870 illic
285 1798 471 1887 voluntas,
495 1798 552 1869 hic
583 1797 688 1870 etiam
710 1799 895 1873 necessitas
918 1801 1093 1898 quaeritur.

10 1952 13 1983 !
61 1914 161 1985 Ausim
180 1913 294 1986 dicere
308 1913 430 2012 utique
447 1913 564 1984 inhoc
578 1938 707 2011 genere
724 1914 810 2004 litis,
826 1916 941 1988 nullas
951 1944 1028 1989 esse
1043 1917 1097 1988 di-

10 2068 13 2105 e
61 2029 194 2124 pior-es,
217 2056 295 2130 qua
319 2029 491 2102 retineant
508 2029 718 2101 maritorum
733 2031 962 2122 hereditates,
982 2056 1094 2130 quam

10 2232 12 2247 Ι
61 2168 122 2234 eas,
147 2173 224 2244 qaae
247 2170 369 2219 uxores
396 2171 439 2218 er
459 2166 563 2244 rapta
587 2170 661 2217 esse
690 2166 896 2245 coeperunt:
925 2149 1095 2247 quoniam

61 2281 119 2355 post
131 2282 275 2361 raptum
284 2260 388 2333 nulia
399 2286 489 2333 uror
506 2281 570 2350 est,
585 2261 653 2332 nisi
672 2261 845 2335 beneficio
861 2284 946 2336 sno:
969 2290 1008 2335 ac
1023 2266 1097 2335 for-

61 2374 129 2450 sitan
142 2378 225 2450 inde
238 2378 346 2450 etiarn
365 2375 495 2448 lexista
512 2377 700 2450 descendit.
718 2380 773 2451 Ad
794 2379 856 2451 illa
872 2378 958 2451 libet
977 2402 1098 2480 perve»

61 2490 136 2584 rire,
152 2494 197 2564 ad
210 2519 291 2592 qaae
306 2518 384 2592 pars
393 2493 533 2565 diversa
543 2513 652 2564 vocat.
668 2496 725 2564 An
742 2494 816 2566 haee
828 2495 936 2593 digna
949 2497 1004 2585 sit,
1020 2524 1096 2596 quae

62 2608 155 2680 aroris
168 2635 307 2681 nomen
318 2609 484 2710 accipiat:
500 2610 529 2680 ei
541 2608 608 2680 hoc
622 2629 760 2680 tantum
780 2610 950 2699 dicerem,
968 2615 1099 2686 meruit

62 2718 267 2798 hereditatem·
286 2748 349 2824 pro
362 2724 495 2824 injuria
504 2753 513 2813 ;
534 2741 649 2821 posset
668 2743 788 2793 tamen
802 2722 911 2794 videri
925 2725 1098 2798 hereditas

22 2842 26 2857 ‘
62 2833 109 2908 itta
121 2865 231 2937 genus
250 2840 430 2937 quoddam
450 2837 708 2910 satisfactionis:
731 2857 848 2908 amata
869 2858 920 2910 est
944 2838 989 2910 ab
1009 2840 1098 2911 ado-

63 2948 211 3029 iflwmaer
233 2956 337 3029 dehet
348 2978 496 3056 qaoque
514 2956 581 3026 hoc
597 2954 712 3027 valere
727 2954 765 3024 in
781 2954 941 3054 portione
953 2955 1021 3027 litis
1033 2957 1097 3029 hu-

61 3065 154 3165 jusce3
176 3071 266 3145 nihil
281 3068 341 3144 ilde
361 3072 503 3163 maluit,
519 3078 628 3171 quarn
646 3073 709 3144 ista
725 3071 833 3162 hona,
859 3072 993 3145 etiamsi
1008 3074 1098 3146 vive-

63 3204 115 3276 ret,
130 3210 205 3273 ease
222 3187 442 3263 eommunia.
463 3189 533 3260 -llle
549 3182 631 3258 iecit
645 3186 704 3258 his
721 3187 824 3257 bonis
846 3187 938 3258 hanc
959 3187 1096 3285 legem:

62 3304 191 3397 speravit
209 3305 253 3376 de
267 3327 311 3376 ea
327 3304 542 3377 adolescens:
562 3305 643 3375 ideo
663 3322 782 3402 rogare
797 3326 901 3376 ansus
920 3324 989 3376 est:
1006 3332 1098 3404 nup-

65 3413 112 3489 tias
131 3420 230 3518 petiit
258 3418 376 3519 puella
398 3447 405 3489 :
431 3446 503 3490 non
531 3419 609 3490 dico
634 3446 731 3490 nunc
756 3419 799 3491 de
820 3419 923 3519 jure:
952 3419 1096 3518 cogitate

65 3554 218 3626 quantam
242 3533 455 3606 beneficium
480 3534 561 3607 dare
587 3533 763 3607 voluerit:
792 3534 907 3605 immo
933 3534 1027 3634 quod
1052 3535 1096 3605 ad

64 3642 157 3744 ipsam
170 3651 336 3751 pertinet,
358 3652 514 3724 dederit:
534 3651 665 3723 remisit
680 3650 850 3752 'injuriam
865 3671 972 3748 raptae
989 3649 1096 3750 virgi·

64 3760 162 3838 nitatis
182 3793 242 3857 ea,
265 3762 321 3838 cui
337 3760 391 3838 lex
412 3788 445 3838 et
464 3787 612 3839 mortem
629 3766 804 3838 vindicare
821 3765 1011 3866 permisit'.
1028 3765 1097 3839 sed

65 3897 125 3950 tero
142 3880 211 3953 dioc
230 3881 343 3956 dedit.
362 3883 513 3955 Etiamsi
536 3883 643 3984 hujus
661 3883 820 3955 tarditate
839 3882 971 3954 factam
989 3901 1096 3968 esset,

94 4064 113 4105 ¹·
131 4050 179 4111 'cta
194 4058 240 4112 dea
250 4070 283 4112 et
299 4071 408 4113 mortem
421 4045 555 4112 vindicare
595 4061 740 4127 vindicare,
754 4059 859 4113 'seilicet
877 4058 948 4112 illam
964 4061 1096 4128 injuriam.

64 4136 554 4211 mitto.³1¹ege,osoraotedioari‚vel
594 4144 677 4197 Gaea.
688 4142 775 4194 Morte
785 4140 887 4194 Schola.
901 4154 926 4194 et
938 4138 1004 4191 Obr.
