2626 4816
324 416 744 489 DECLAMATIONES.
769 417 960 488 ccxblx.
1126 421 1165 487 25

114 570 216 644 agere
232 546 338 645 coepi:
356 573 472 646 neque
491 547 588 660 pnim
602 546 709 618 videri
731 574 875 645 possum
896 574 995 647 agere
1010 547 1167 647 coepisse,

128 663 185 732 nisi
206 663 376 761 egissem:
402 689 484 762 ergo
506 683 781 762 quantocunque
803 683 960 764 tempore
984 663 1056 761 egi,
1078 662 1168 735 nibil

93 839 95 844 .
129 775 213 846 obest
232 802 306 847 non
329 803 612 867 consummasse;
630 803 746 875 neque
770 777 989 867 enimcum,
1012 776 1168 877 quinon

83 985 85 991 Ι
130 890 216 981 vicit,
228 891 411 992 negaveris
423 918 616 991 pugnasse3
632 919 748 991 neque
761 920 861 984 curn,
875 893 937 992 qui
950 894 1085 966 fructus
1097 919 1171 973 non

83 1000 86 1115 p
130 1007 283 1106 percepit,
301 1009 480 1106 negaveris
503 1009 716 1108 possedisse;
739 1028 919 1099 autenm,
942 1009 1003 1108 qui
1029 1010 1172 1081 naufra-

83 1118 85 1204 ἶ
129 1102 215 1222 giuni
243 1126 389 1214 fecerit,
416 1126 595 1225 negaveris
627 1125 816 1226 navigasse.
849 1127 916 1200 Sed
945 1126 1172 1200 abolitionem

129 1241 222 1335 petit¹
237 1268 245 1311 ε
265 1241 320 1312 vel
335 1240 402 1313 hoc
422 1265 628 1341 argumento
643 1241 724 1314 satis
736 1241 833 1342 justo
848 1243 993 1341 probare
1007 1268 1171 1341 possum,

129 1355 224 1453 egisse
236 1345 408 1429 mefl'um
420 1357 526 1456 igitur
534 1384 647 1455 quum
657 1358 801 1430 abolitio
815 1360 1005 1457 petebatur,
1014 1358 1099 1458 quid
1110 1384 1173 1456 ego

129 1470 233 1542 eram?
249 1493 359 1562 actor,
382 1477 422 1545 ut
443 1473 587 1572 opinor,
611 1494 646 1547 et
666 1495 853 1547 accusator.
873 1475 970 1566 Quid
996 1474 1055 1547 ille
1079 1471 1175 1544 erat?

128 1611 195 1656 reus
210 1586 338 1685 opinor
353 1616 359 1658 :
377 1575 473 1686 atqui
493 1589 559 1662 hoc
576 1616 707 1660 nomen
730 1616 916 1686 uunquam
940 1590 977 1661 in
991 1617 1089 1677 eum,
1108 1587 1173 1661 ad-

128 1727 255 1772 versum
265 1729 374 1800 quem
386 1730 459 1774 non
469 1705 601 1801 agitur,
615 1704 718 1775 cadit.
730 1707 787 1775 Tu
800 1706 905 1777 hodie
918 1705 1006 1805 quid
1018 1705 1175 1805 pugnas?

129 1843 166 1888 ne
181 1816 341 1888 adversus
358 1838 390 1889 te
408 1845 508 1916 agere
525 1817 716 1918 incipiam?
733 1845 817 1891 narn
835 1841 997 1909 eventus,
1014 1840 1052 1892 ut
1067 1840 1105 1891 tu
1124 1819 1175 1890 vis

129 1932 247 2023 videri,
273 1934 404 2007 dubius
419 1956 492 2007 est:
516 1956 635 2008 contra
656 1936 769 2008 multa
783 1937 939 2011 accidere
958 1957 1104 2037 possunt
1116 1937 1177 2008 ad·
1267 1982 1269 1987 .

131 2046 209 2139 huc,
233 2071 375 2151 propter
396 2078 471 2150 quae
493 2050 673 2151 judicium
698 2053 816 2150 ipsum
834 2080 906 2125 non
928 2073 1062 2150 agatur.
1082 2054 1176 2123 Prae-

132 2160 237 2233 scribis
253 2183 373 2236 tamen
391 2191 437 2236 ne
459 2190 578 2263 agam,
598 2163 635 2234 id
656 2185 723 2253 est,
748 2191 794 2237 ne
810 2191 944 2239 nomen
961 2188 1063 2239 tuum
1080 2165 1176 2239 dele-

133 2304 211 2369 ram,
224 2308 270 2353 ne
279 2303 314 2354 te
323 2281 460 2381 legibus
474 2281 629 2379 obligem
643 2310 650 2353 :
668 2310 781 2382 quum
794 2284 900 2382 igitur
910 2306 1028 2358 tecum
1039 2304 1177 2357 acturus

135 2393 208 2484 sim,
231 2396 258 2469 si
281 2397 398 2470 statim
421 2423 504 2468 curn
527 2396 586 2468 illo
607 2396 684 2498 jam
709 2399 883 2497 egissem,
914 2419 1079 2498 putemus
1103 2425 1176 2474 non

87 2566 89 2571 .
136 2511 313 2584 contineri²
337 2512 516 2614 actionem
531 2539 604 2585 non
623 2513 721 2586 linito
742 2513 897 2613 judicio:
917 2515 945 2586 si
962 2535 1081 2586 tamen
1098 2541 1178 2586 mea

137 2622 225 2723 culpa
248 2626 373 2699 accidit
388 2625 420 2716 ³,
445 2653 517 2725 quo
542 2626 662 2697 minus
683 2626 864 2726 judicium
889 2628 1068 2717 finiretur,
1097 2628 1178 2700 satis

138 2735 257 2837 injuria
281 2768 402 2841 passus
423 2767 504 2813 sum
522 2740 558 2812 in
584 2740 697 2839 priore
717 2738 872 2839 judici03
895 2763 931 2813 et
953 2761 1063 2839 potest
1083 2742 1177 2841 apud

140 2875 237 2950 equos
259 2855 397 2955 judices
420 2884 483 2956 pro
504 2856 639 2928 actione
665 2856 818 2956 perfecta
839 2855 984 2947 haberi,
1010 2856 1179 2956 quoniam

142 2968 214 3040 milri
224 2973 341 3070 agenti
354 2999 603 3046 consummare
614 2999 688 3045 non
704 2971 812 3045 licuit.
824 2973 905 3045 Dixi
916 2973 1024 3073 igitur
1034 3000 1087 3065 ea,
1100 3000 1178 3072 quae

143 3081 175 3151 ad
187 3112 322 3160 causam
337 3088 577 3188 pertinebant,
595 3115 711 3188 neque
726 3114 865 3187 semper
878 3089 1031 3187 priorem
1046 3087 1181 3160 adulte·

144 3220 209 3270 rum
229 3205 381 3276 accusari
405 3231 524 3304 posse,
546 3226 581 3278 et
599 3233 621 3277 a
639 3231 698 3277 me
712 3225 830 3276 actum
844 3230 934 3296 esse,
957 3205 1179 3278 etiamsinon

146 3337 213 3389 esset
226 3322 377 3418 perfecta
390 3323 479 3394 actio
489 3354 498 3412 ;
517 3345 656 3414 tamen,
680 3321 849 3419 quoniam
872 3321 1052 3422 republica
1071 3321 1181 3393 inter·

146 3431 302 3527 veniente,
320 3457 354 3509 et
367 3438 443 3535 lege
458 3437 521 3509 viri
532 3437 647 3528 fortis,
662 3438 817 3536 perfecta
828 3464 902 3509 non
917 3457 1019 3528 esset,
1032 3436 1179 3536 proinde

149 3568 209 3618 earn
228 3551 347 3625 haberi
375 3576 556 3653 oportere,
584 3581 625 3627 ac
652 3554 680 3625 si
704 3581 768 3652 ego
790 3554 975 3646 fecissem,
1005 3553 1179 3655 quidquid

148 3659 241 3738 volui:
256 3669 402 3769 propius
424 3668 586 3741 accedere
606 3668 652 3740 ad
672 3667 948 3741 confessioneml
961 3668 1108 3769 hujusce
1129 3670 1180 3743 rei

179 3824 369 3882 ¹·Alvolitionem
373 3833 449 3903 petit.
456 3833 540 3905 lage,
545 3832 631 3906 petiit,
709 3830 735 3882 3,
744 3831 806 3882 Mea
816 3827 1005 3901 culpaaccidit.
1016 3829 1115 3894 lmmo,
1126 3847 1179 3882 non

153 3898 194 3951 wil
201 3907 311 3977 adulter,
320 3915 488 3985 qusipossit
498 3933 531 3965 eo
543 3913 634 3966 desem
672 3910 776 3962 accidit.
787 3910 872 3962 Gaon,
879 3939 916 3949 -
925 3909 1036 3982 Injurt‘oe
1045 3910 1140 3960 marito
1150 3909 1180 3960 il·

153 3975 184 4045 ὦ,
191 3991 253 4057 quod
258 4013 314 4045 non
323 3997 357 4046 sit
363 4009 513 4048 accusatus,
521 3995 632 4048 Sennnn
673 3991 734 4045 latae
746 4011 778 4044 ex
788 3991 910 4044 adultero
920 3991 1061 4062 impunito.
1071 3992 1118 4043 m.

180 4065 259 4122 atlon
265 4071 473 4125 maurinos
480 4083 633 4143 competere.
709 4074 737 4140 4.
749 4074 793 4125 Aa
801 4074 999 4145 consessionem,
1010 4075 1067 4137 An,
1076 4072 1113 4124 ad
1119 4092 1179 4126 con-

134 4207 137 4211 ,
155 4131 239 4197 &fluct
676 4153 836 4203 tentionem?
853 4165 881 4201 ut
896 4149 1013 4202 Declam.
1036 4149 1104 4202 XIX.
1122 4156 1180 4218 Au,
