2626 4816
166 347 169 358 ’
239 368 240 372 '
327 383 932 451 nonanusrrouasecmv.
1061 395 1157 479 ‚47

87 480 91 575 i
125 513 187 585 Non
208 535 333 582 accuso
353 534 453 581 nunc
471 533 592 578 reum:
617 508 741 599 evasit,
758 509 1030 584 absolutus-est:
1055 510 1161 586 habet

125 606 319 700 ¹beneficium
336 624 447 723 legis:
475 621 566 694 illud
588 643 708 695 tamen
729 645 911 696 contentus
927 651 1007 723 sum
1025 627 1159 719 dicere,

126 743 211 815 fuisse
229 741 370 840 aliqua,
394 737 525 838 quibus
547 736 656 838 judex
676 761 890 831 moveretur,
909 739 973 812 illa
988 768 1065 840 quae
1084 770 1162 816 mo-

128 877 229 931 terunt
241 855 407 958 judicum
428 873 582 954 partem,
600 853 662 925 illa
679 880 756 953 quoe
776 874 825 926 tot
841 858 955 926 tristes
973 859 1161 930 sententias

131 975 309 1046 effecerunt.
333 973 416 1043 Jam
432 997 515 1069 ergo
536 969 699 1042 animum
719 970 868 1069 dignum
885 970 1018 1044 habeo¹
1037 1001 1162 1047 emen-

132 1087 246 1160 datione
268 1088 442 1158 fortunae:
469 1110 583 1184 quum
604 1085 761 1156 affectari
784 1085 1006 1183 tyrannidem
1027 1109 1163 1186 putaret

133 1203 185 1299 (sic
196 1202 292 1275 enim
309 1200 521 1300 loquamur)
536 1225 607 1271 non
625 1197 874 1271 dissimulavit:
896 1227 967 1272 non
989 1201 1162 1276 ultionem

134 1318 281 1415 provin:
300 1341 390 1405 non,
405 1341 519 1414 quum
529 1314 603 1414 ipse
613 1313 762 1414 patriam
778 1315 999 1414 perdidisset,
1016 1319 1161 1412 invidit,

135 1432 270 1506 tedvenit
281 1431 320 1504 in
329 1430 516 1522 civitatem,
530 1451 563 1503 et
577 1430 729 1529 suscepit
741 1429 984 1529 gravissimum
993 1428 1161 1527 laborem,

135 1568 158 1620 et
174 1575 271 1621 novas
293 1547 511 1641 inimicitias,
534 1569 568 1619 et
589 1568 764 1619 recentem
786 1547 1064 1622 emulationem:
1089 1578 1162 1624 non

134 1665 241 1766 excepit
257 1665 405 1737 divitem
423 1665 467 1737 ab
484 1664 600 1736 indice
620 1665 771 1735 fortuna.
794 1665 877 1734 Haec
899 1692 963 1762 ego
985 1666 1162 1760 dicerem,

135 1779 216 1852 etiam
233 1782 261 1853 si
278 1780 392 1852 victus
403 1779 538 1880 judicio
555 1800 661 1851 esset:
680 1805 776 1850 nunc
790 1780 924 1851 fortiter
936 1781 1002 1852 hoc
1020 1809 1163 1880 possum

135 1899 335 1988 contendere,
346 1896 455 1994 'quod
472 1893 579 1968 fuisse
597 1896 709 1967 dicitis
725 1922 807 1967 eum
823 1923 925 1968 causa
947 1897 1161 1971 inferiorem.

135 2008 210 2100 Quid
223 2033 272 2085 est
286 2012 415 2111 igitur?
429 2013 483 2084 lex
494 2009 617 2113 jubct³
640 2038 697 2082 eos
716 2011 864 2100 absolvi,
878 2013 941 2111 ,qui
963 2040 1062 2112 pares
1080 2041 1164 2087 sen-

136 2128 235 2202 tentias
243 2129 401 2201 tulerint.
412 2127 633 2228 Imputabitis
642 2128 734 2199 istud
746 2128 894 2227 publicae
906 2128 1166 2221 misericordiae,

135 2230 329 2342 imputabitis
346 2244 557 2315 humanitati
580 2270 587 2315 :
611 2265 692 2314 non'
708 2271 771 2341 ego
792 2270 900 2343 arguo
917 2245 1008 2317 hanc
1025 2246 1163 2346 legem,

137 2357 179 2428 sed
189 2359 259 2431 dico
274 2386 346 2432 esse
361 2386 603 2432 communem.
615 2360 750 2430 Eodem
765 2361 860 2430 enim
872 2381 1028 2460 tempore
1041 2388 1113 2433 non
1128 2362 1165 2433 id

139 2473 414 2575 nodoquaesitum
427 2495 494 2563 est,
508 2501 552 2546 an
565 2475 732 2563 affectatae
744 2476 940 2572 tyrannidis
952 2503 1052 2547 reum
1066 2476 1165 2548 dam·

139 2589 193 2659 nari
210 2611 396 2691 oporteret3
417 2589 475 2662 scd
494 2589 583 2661 illud
604 2589 732 2679 etiam,
755 2616 800 2660 an
817 2590 913 2661 hunc
929 2615 1111 2662 remanere
1127 2591 1165 2662 in

140 2699 245 2777 civitate
271 2727 454 2805 oporteret.
488 2705 596 2796 Quod
621 2705 649 2776 si
675 2730 775 2802 pares
800 2705 979 2795 sententiae
1011 2705 1165 2805 periculo

140 2842 274 2914 prosunt,
287 2850 350 2923 pro
364 2845 512 2922 utroque
527 2841 626 2912 sunt3
644 2848 689 2891 an
702 2847 781 2911 vero
796 2821 960 2893 affectatae
971 2821 1166 2919 tyrannidis

140 2957 197 3008 reus
214 2940 425 3032 absol'vatur,
448 2939 618 3038 quoniam
635 2939 840 3038 nonplures
862 2964 925 3036 pro
946 2959 1165 3029 accusatore,

141 3073 223 3146 quam
242 3082 306 3154 pro
330 3057 389 3128 reo
413 3056 591 3126 sententiae
611 3056 726 3145 fuere3
748 3054 807 3126 hic
828 3053 890 3153 qui
912 3054 1079 3153 periculi,
1104 3055 1166 3154 qui

141 3169 224 3242 exsilii
235 3172 290 3245 vel
306 3172 489 3263 eamdem,
513 3171 703 3271 velutique
721 3171 912 3269 graviorem
926 3198 1085 3270 poenam,
1106 3198 1170 3242 ex-·

140 3284 305 3382 potiretur,
330 3314 403 3359 non
425 3287 590 3360 eamdem
611 3286 822 3386 experiretur
846 3285 938 3384 legis·
959 3283 1166 3372 humanita-

92 3448 95 3459 .
140 3396 211 3468 em?
230 3403 314 3472 Haec
342 3401 486 3503 dejure
498 3400 525 3493 ⁴,
550 3401 624 3473 haec
647 3402 690 3473 de
713 3401 912 3500 rogatione:
939 3401 999 3472 illa
1019 3401 1096 3500 jam
1123 3401 1170 3472 de·

87 3545 89 3585 ε
142 3513 287 3608 equitate.
310 3517 471 3615 Dignum
489 3544 563 3588 esse·
580 3517 764 3608 existimo,
779 3518 841 3614 qui
856 3538 997 3589 maneat
1017 3519 1054 3589 in
1078 3517 1167 3589 civi-

141 3640 211 3701 tate:
238 3632 395 3731 pericula
418 3652 535 3703 nostra
557 3632 720 3722 tentavit,
743 3633 944 3726 servitutem
969 3633 1166 3733 reipublicae

169 3801 187 3837 1·
197 3791 308 3863 Diqnum
320 3792 411 3845 habeo.
424 3792 511 3844 Habet
521 3793 563 3844 vel
576 3793 623 3844 ha-
665 3795 780 3866 Optaot't.
803 3796 891 3864 Lege,
912 3795 1025 3866 paravit.
1048 3794 1166 3846 Gronov.

142 3863 194 3921 Mis.
206 3873 313 3941 Senum.
328 3875 447 3950 Dipnum
462 3875 539 3926 habet
550 3894 623 3929 com·
666 3877 785 3948 Optavit,
796 3876 929 3927 AErodius.

140 3951 297 4022 undatione,
310 3954 401 4006 AErod.
414 3973 497 4025 marg.
681 3961 684 3967 '
698 3957 723 4009 3.
736 3958 791 4008 Lex
798 3958 878 4026 jubet.
887 3956 946 4007 vid.
960 3955 1051 4008 Senec.
1062 3956 1111 4023 Ep.
1123 3955 1166 4006 82.

169 4047 189 4082 2.
198 4035 255 4087 Non
271 4035 400 4088 ultionem
414 4037 529 4110 putavit.
542 4038 624 4090 Nem·
635 4022 638 4029 ¹
698 4035 725 4102 4.
737 4036 802 4087 Hoec
810 4037 843 4086 de
843 4039 915 4107 jure.
928 4037 961 4086 Et
971 4034 1027 4087 haec
1039 4032 1167 4086 sermonis

140 4110 198 4174 pein
206 4110 291 4184 p‘etriae
301 4134 435 4187 oppressor
449 4117 564 4169 servitio.
580 4115 622 4168 At.
662 4116 773 4188 propria
786 4127 856 4168 sunt.
870 4116 944 4164 Pron.
