2626 4816
322 370 937 480 nncnnnorro'nnseonur.
1115 421 1151 499 41

133 533 175 609 ibo
193 534 432 637 qualecunque
457 538 678 639 periculum?
702 539 769 612 Sed
794 566 866 612 non
893 539 1009 612 solum
1036 541 1157 641 reipu·
1211 526 1215 537 ⁵

133 651 222 744 blica,
240 681 365 726 verum
387 655 495 728 etiam
513 685 593 730 mea
615 657 756 730 interest
772 657 865 730 hanc
882 657 988 758 recipi
1006 658 1157 757 rogatio-

133 792 215 840 nem:
238 796 345 868 quem
365 770 469 843 vultis
493 771 591 843 enim
610 772 730 871 ponite
752 793 939 844 eventum:
960 771 1157 872 periculum

134 880 199 952 nihi
216 884 338 956 mortis
359 906 418 957 est.
441 885 563 975 Quid?
586 913 650 985 ego
668 886 836 958 nonsatis
856 884 947 958 vixi?
967 912 1040 958 non
1062 885 1158 959 enim

124 1023 279 1097 annomm
291 1028 453 1093 numero,
465 1029 529 1074 nec
537 1004 646 1103 spatio
660 1003 764 1076 aetatis
774 1002 954 1075 terminari
965 1024 1097 1076 certum
1110 1022 1160 1076 est

133 1113 247 1187 sortium
259 1117 414 1189 virorum
423 1118 544 1207 vitam,
560 1118 620 1190 sed
638 1119 742 1191 laude
756 1139 789 1191 et
804 1108 919 1210 sauia,
937 1139 971 1191 et
982 1140 1158 1220 perpetuae

134 1233 309 1327 posteritatis
332 1230 600 1308 immortalitate.
627 1238 679 1309 lta
696 1236 746 1307 dii
761 1235 911 1326 faciant,
927 1255 968 1308 ut
987 1258 1159 1335 magnum

135 1350 307 1446 exemplum
331 1351 522 1451 posteritati
545 1351 653 1424 ctiam
677 1378 780 1451 poena
803 1351 885 1423 dare
908 1351 1058 1452 possim:
1078 1350 1159 1423 satis

134 1459 375 1537 videbiturmihi
388 1467 510 1539 omnia
520 1466 653 1539 facere¹
671 1467 824 1555 fortuna,
835 1485 874 1538 ut
884 1465 1159 1564 tyrannicidium

133 1600 227 1650 meum
239 1581 353 1682 majus
366 1581 422 1653 sit.
438 1581 506 1653 Sed
522 1580 612 1652 illud
627 1580 767 1652 interim
783 1606 916 1671 vereor,
935 1607 979 1652 ne
991 1601 1160 1678 tyrannus

81 1688 84 1703 ’
132 1715 160 1760 er
173 1719 221 1765 me
237 1702 333 1794 petat
352 1697 488 1769 famam
502 1695 674 1767 leuitatis:
693 1695 800 1767 habet
822 1694 916 1767 enim
936 1694 1031 1796 apud
1050 1694 1159 1768 malos

132 1833 246 1906 quoque
261 1812 417 1884 multum
433 1811 645 1885 auctoritatis
659 1811 786 1883 virtus:
809 1832 841 1883 et
856 1811 998 1884 forsitan
1015 1810 1081 1883 hoc
1101 1810 1160 1883 ilie

131 1925 284 2001 ambitiose
308 1929 428 2020 faciet,
453 1951 493 2001 ut
511 1949 678 2029 potestate
699 1949 880 2001 contentus
895 1928 948 2001 sit.
971 1927 1160 2027 Quidquid

131 2059 183 2131 est,
198 2043 308 2116 videat
326 2065 431 2117 meet
449 2044 508 2116 illa
525 2044 643 2117 civitas
662 2044 800 2116 vicina:
823 2043 978 2117 multum
998 2043 1066 2116 illis
1087 2069 1159 2116 ser·
1217 2096 1220 2107 .

129 2155 280 2231 aientibus
297 2160 465 2259 prodero:
479 2160 620 2234 videant
632 2189 702 2261 quo
714 2161 814 2234 vultu
824 2181 1015 2259 tyrannum
1028 2161 1159 2252 feram,
1225 2178 1228 2191 ·

130 2297 212 2366 quam
225 2277 399 2351 interritus
409 2279 577 2351 tribunali
589 2278 778 2370 assistam2,
792 2305 900 2378 quam
915 2304 973 2350 me
988 2276 1079 2351 nihil
1092 2276 1161 2348 mi·

129 2413 181 2478 ne,
195 2392 282 2463 nihil
292 2394 465 2494 supplicia
476 2395 551 2495 ipsa
561 2416 744 2471 moveant:
760 2415 872 2495 potest
886 2393 977 2483 fieri,
994 2415 1032 2465 ut
1042 2393 1160 2465 exhor·

130 2522 197 2576 tetur
219 2507 296 2582 illos
318 2509 376 2583 hic
397 2509 537 2583 animus
560 2538 670 2583 meus.
688 2510 800 2582 Vobis
819 2508 964 2609 quidem
985 2508 1158 2580 custodire

128 2643 245 2715 pacem,
268 2623 412 2698 reddere
428 2625 582 2724 quietem
595 2626 708 2726 majus
723 2625 797 2723 ipso
813 2622 1043 2722 tyrannicidio
1057 2642 1157 2720 puto:

128 2740 232 2812 namsi
249 2741 383 2817 bellum
403 2742 583 2831 imminet,
605 2741 633 2814 si
650 2740 846 2841 periculum
864 2738 1026 2810 universa
1040 2737 1158 2811 civitas

122 2847 225 2946 babet,
248 2860 344 2958 quod
362 2860 480 2952 illum,
500 2858 600 2961 cujus
616 2859 762 2932 nomine
782 2857 872 2931 mihi
893 2855 1018 2957 gratias
1037 2855 1157 2957 agitis,

129 2971 234 3064 occidi,
249 2975 439 3048 maximam
455 2976 554 3052 vobis
571 2975 739 3079 injuriam
754 2973 832 3048 feci.
874 3005 875 3008 ¹

155 3172 172 3209 ¹·
183 3161 276 3215 Omnia
282 3163 382 3235 facere.
398 3166 514 3219 Omnino
519 3165 612 3238 facere
652 3177 747 3217 nostrae
760 3181 825 3234 quat
838 3161 999 3215 contulimus
1010 3156 1037 3211 ri
1050 3161 1103 3232 ep'uo
1114 3177 1157 3210 ne·
1209 3160 1212 3167 '

123 3233 233 3308 smne,
251 3257 277 3298 et
295 3246 501 3316 tyrannicidium
522 3267 610 3300 meum
651 3247 788 3312 mittamus
799 3243 937 3296 credamus
945 3245 1075 3294 intrusum
1085 3258 1158 3291 men-

126 3321 252 3392 mafmfiet.
266 3325 377 3377 Soanos
649 3326 684 3378 do
698 3345 755 3379 csse
770 3343 928 3398 operarum,
940 3321 1012 3375 velut
1023 3321 1090 3372 infra
1106 3320 1157 3372 Dc-

153 3416 173 3455 2·
184 3401 318 3456 Tribunali
329 3406 452 3458 maistam.
465 3407 535 3459 Edit.
550 3410 607 3479 Bipt
650 3408 809 3462 clamatione
818 3407 928 3470 (ΠΝ,
937 3425 962 3476 p.
973 3402 1008 3470 45
1018 3400 1063 3454 fin.
1074 3399 1158 3454 bomi-

127 3470 213 3531 ²¹bibet
222 3483 347 3535 tribunali
357 3487 550 3556 q‘massimm,
563 3506 610 3539 ne·
650 3508 714 3541 num
729 3487 791 3541 loco
806 3488 848 3540 aot
867 3486 1000 3540 bominem
1014 3483 1158 3537 oscitantes

125 3557 609 3638 scioquaattctoritate‚nempe'omnea
653 3570 800 3642 usurpavit,
812 3570 860 3622 En,
