2626 4816
129 405 166 446 12
380 381 428 443 M.
453 379 579 442 FABII
603 369 926 461 QUINTILIANI

126 634 1085 670 mwmmmmmmmwummwwvwmwtunmmw

516 853 790 929 CCXLVlI.

128 1085 280 1143 Rtrrorus
297 1100 413 1142 nrvrrrs
427 1100 509 1141 rous
521 1100 632 1140 uentri
646 1100 728 1139 uxon
741 1100 892 1141 iccrrrrr.
911 1078 1085 1138 Adolescens

174 1179 239 1262 ples
249 1179 368 1261 rapuit,
381 1178 564 1260 priusquam
577 1188 698 1258 optaret
707 1169 827 1259 puella,
838 1177 922 1235 misit
932 1176 971 1235 ad
981 1197 1049 1235 eam
1062 1197 1083 1257 p

175 1297 254 1357 quos
273 1288 436 1356 rogatum,
456 1287 491 1334 ut
512 1275 638 1356 nuptias
656 1273 793 1334 haberet.
815 1275 937 1334 Auditis
954 1273 1009 1332 illa
1027 1294 1085 1355 pre

174 1375 275 1434 tacuit
284 1387 313 1435 et
324 1374 417 1434 flevit.
432 1375 589 1434 Percussit
600 1393 631 1432 se
644 1373 835 1434 adolescens:
849 1374 934 1454 prius
948 1392 1043 1454 quam
1058 1392 1085 1429 er

176 1485 236 1547 ret,
249 1472 369 1555 optavit
381 1470 436 1531 illa
448 1472 592 1552 nuptias,
603 1483 716 1552 petunt
728 1471 814 1532 bona
827 1471 998 1553 propinqui
1011 1483 1085 1528 etur

563 1642 747 1708 SERMO.

176 1799 441 1865 Demonstranda
457 1801 552 1867 vobis
569 1820 620 1867 est
635 1804 698 1867 via.
714 1801 835 1866 Videte
853 1799 934 1891 quid
953 1819 1085 1888 utraque

131 1903 227 1984 velit,
244 1903 325 1993 quid
345 1924 485 1995 utraque
504 1929 579 1993 pars
595 1906 700 1986 dicat,
719 1923 752 1972 et
768 1905 850 1970 ittud
868 1930 968 1995 quarn
986 1905 1085 1992 fieri}

131 2008 326 2074 brevissime
336 2010 675 2101 etsignificantissime
684 2012 1085 2101 comprehendite.Utput

132 2116 178 2181 cit
193 2115 264 2182 haec
280 2117 408 2204 puella,
427 2141 511 2185 uxor
525 2142 618 2185 sum:
636 2121 769 2209 nuptias
785 2120 874 2183 enirn
890 2119 1018 2208 optavi:
1038 2142 1085 2206 op¹

133 2221 243 2285 statim
257 2225 413 2287 maritum
424 2223 548 2289 hahere
569 2225 664 2290 illum
678 2227 765 2314 coepi
778 2250 784 2289 :
798 2249 934 2292 necesse
950 2228 1038 2290 enirn
1054 2247 1085 2288 er

132 2328 252 2393 marito
264 2353 347 2412 esse,
360 2332 385 2395 si
396 2330 541 2396 viveret:
555 2356 617 2398 nec
630 2350 781 2421 ternpore
793 2349 841 2398 ut¹
856 2333 1085 2399 matrimoniur

129 2433 216 2524 jure.
236 2437 316 2502 Haec
332 2452 425 2502 certo
440 2437 757 2527 comprehendenda
770 2457 847 2504 sunt
864 2438 1081 2505 finitionibus.

132 2565 209 2631 pars
222 2540 367 2627 diversa,
380 2548 456 2611 Non
468 2547 560 2613 fuisti
577 2571 676 2613 uxor:
693 2572 761 2614 non
775 2551 918 2638 nupsisti
930 2571 1005 2612 curn
1017 2547 1075 2611 illo

172 2715 258 2767 r.Nec
273 2724 387 2786 tempore
399 2726 436 2766 ut.
454 2717 503 2767 Hic
515 2715 591 2768 locus
604 2718 641 2770 sio
681 2721 764 2771 lmmo
783 2719 973 2790 patrimonium
991 2735 1045 2766 non
1063 2733 1085 2765 u:

134 2790 248 2842 fortasse
260 2790 439 2844 restituendus
454 2806 508 2845 est:
523 2812 570 2845 nec
581 2807 643 2846 tem·
681 2810 733 2862 tur,
744 2795 790 2848 sed
803 2799 891 2847 statim
905 2809 945 2847 est
956 2793 1018 2855 filii,
1030 2796 1085 2844 simi

132 2888 196 2941 pore
207 2881 238 2921 ut
246 2872 436 2942 patrimonium
442 2912 451 2939 ‚
457 2870 496 2944 fit
506 2875 644 2925 matrimo-
683 2876 795 2929 decessit
803 2889 890 2947 pater.
901 2877 942 2927 Sic
953 2876 1060 2927 Curioni
1071 2895 1085 2946 p

134 2954 224 3019 nium,
237 2951 281 3004 sed
289 2954 365 3024 jure:
379 2952 433 3003 hoec
446 2964 514 3004 certo
527 2971 645 3023 compre·
684 2956 730 3007 tris
751 2967 865 3006 mortem
885 2955 978 3006 Cicero
1000 2955 1085 3025 patrin

136 3032 271 3083 hendendo
293 3044 355 3085 sunt
371 3029 547 3103 finitionibus.
571 3033 645 3084 Dicit
684 3031 840 3104 gratulatur.
864 3033 991 3085 Praeterea
1021 3033 1085 3082 inuti

132 3129 193 3181 pars
202 3110 314 3176 diversa,
333 3130 387 3164 non
394 3112 476 3184 fuisti
486 3131 561 3180 uxor,
574 3133 644 3185 nup·
685 3113 785 3163 mentio
796 3110 965 3182 patrimonii,
978 3124 1005 3162 et
1022 3112 1085 3163 insol

135 3192 189 3244 sisti
204 3210 263 3243 cum
280 3191 328 3244 itto
335 3215 345 3254 ,·
361 3207 387 3244 et
405 3193 581 3265 paulopost:
604 3196 644 3246 Tu
685 3189 792 3241 culcare
801 3189 934 3241 vocabula
945 3203 1041 3261 praeter
1053 3208 1086 3240 ne

136 3291 189 3324 noa
216 3291 241 3324 es
264 3274 369 3327 tradita.
399 3278 590 3328 Patrimonium
615 3275 645 3328 fit
685 3282 746 3320 rem.
761 3267 866 3321 Scribe:
880 3287 927 3319 nec
938 3279 1052 3339 tempore
1056 3265 1083 3339 ſs

136 3367 271 3425 tempore,
284 3355 359 3427 quod
370 3348 544 3427 usucapitur.
555 3357 644 3428 Atque
686 3352 823 3416 monium,
842 3350 960 3423 sedjare.
977 3351 1024 3401 His
1035 3349 1085 3401 veri

137 3446 163 3485 et
175 3452 225 3484 usu
237 3433 266 3485 iit
278 3453 361 3486 uxor:
379 3434 453 3506 quod
469 3434 532 3486 alibi
546 3449 573 3488 et
586 3434 645 3507 plu·
687 3429 775 3482 obstat
785 3430 982 3482 matrimonium
991 3448 1050 3481 usu.
1060 3431 1085 3480 L<

137 3511 211 3563 ribus
223 3514 406 3564 tractavimus.
424 3510 476 3566 Sed
487 3512 544 3564 haec
556 3512 644 3564 rheto·
687 3511 757 3559 enim
773 3508 806 3560 de
825 3509 870 3560 illo
892 3526 988 3579 genere
1009 3508 1086 3558 matri

137 3596 191 3647 rice
204 3593 340 3660 dicuntur,
359 3612 415 3645 non
426 3593 551 3664 juridice.
568 3597 643 3646 Prrn.
686 3609 759 3657 rum,
769 3589 900 3662 inquibus
912 3609 975 3642 usus
987 3603 1014 3640 et
1024 3603 1085 3662 temp

138 3673 255 3728 Pithoeus
272 3694 426 3746 perperam:
448 3693 495 3726 nec
516 3686 645 3746 tempore,
687 3671 1085 3742 habetlocum.Guon0r.Tem)

139 3765 168 3805 ut
177 3754 365 3824 patrimonium
372 3752 425 3826 ,fit
439 3753 645 3806 matrimonium.
689 3754 768 3803 etiam
778 3752 897 3804 Latinius
905 3764 932 3802 et
942 3749 1085 3821 Schultingi

138 3835 329 3885 Patrimonium
359 3848 478 3905 tempore
506 3834 561 3886 fieri
592 3835 645 3899 ait,
686 3832 765 3883 etiam
781 3831 875 3882 nititur
892 3829 1085 3899 conjiciebant

140 3913 214 3986 quod
222 3933 272 3967 usu
280 3916 449 3985 capiturilic
456 3913 572 3984 objectat
581 3913 644 3965 sibi:
686 3912 746 3964 coit.
759 3912 825 3965 Obr.

141 3997 215 4068 atqui
234 4008 259 4047 ct
280 4014 330 4048 usu
347 3997 376 4048 fit
394 4015 470 4048 uxor.
492 3995 647 4068 Respondet
723 4011 747 4045 2.
767 3995 879 4067 Optione
900 3992 1003 4045 tradita.
1026 3994 1085 4064 Con¹

139 4077 195 4130 haec
211 4077 344 4131 rhetorice
358 4078 426 4143 dici,
448 4096 503 4128 non
523 4075 644 4147 juridice.
687 4073 757 4143 optio
770 4092 803 4123 ne
815 4071 916 4124 tradita.
931 4074 976 4123 Eu.
