2626 4816
36 506 39 513 ,
136 472 155 548 4
390 469 930 551 M.FABHQU1NT1L1AN1
1002 432 1005 437 ’

136 591 326 662 contrahit.
342 646 371 660 ..
397 609 500 687 negat
524 589 612 659 mihi
635 589 772 661 licuisse
794 591 976 663 occidere:
1000 592 1184 690 primum,

135 706 240 804 quod·
245 706 303 806 jus
325 705 407 778 civis
428 731 501 775 non
524 704 708 776 habuerim
730 731 770 776 eo
792 725 971 804 tempore,
993 734 1064 802 quo
1088 707 1184 779 exsul

134 848 244 912 eram,
263 849 326 893 nec
348 820 393 892 ad
415 847 472 891 me
488 818 570 920 jura
583 820 804 919 pertinuisse,
826 822 921 920 quod
937 823 1066 893 exsulo.
1089 823 1125 895 Si
1146 824 1184 894 in

132 957 342 1036 perpetuum
366 934 528 1007 exsilium
546 936 670 1007 missus
694 962 824 1026 essem,
841 937 985 1009 forsitan
1006 959 1120 1036 posset
1139 938 1182 1009 de

133 1054 199 1125 hoe
228 1052 356 1151 quaeri,
379 1079 424 1124 an
445 1051 490 1124 ad
514 1052 606 1149 leges
626 1053 877 1150 pertinuerim,
901 1081 1014 1150 quum
1032 1053 1120 1125 illud
1143 1081 1182 1126 ex

131 1170 208 1267 lege
233 1167 345 1254 lieret,
367 1167 463 1263 quod
485 1167 684 1237 exsularem.
705 1167 980 1264 Quinquennale
995 1160 1077 1238 vero
1093 1169 1181 1239 exsi-

132 1282 223 1353 lium
243 1281 478 1371 dubiumst,
496 1281 582 1378 quin
593 1336 799 1352 ...........
820 1281 1019 1378 processerit
1037 1280 1181 1353 absente

66 1438 69 1442 ·
132 1425 207 1491 me,
230 1424 344 1495 neque
360 1419 432 1469 erat
450 1424 566 1486 causa,
584 1417 847 1496 propterquam
862 1396 912 1469 vis
929 1398 1116 1468 inferretur
1133 1399 1180 1488 ei,

131 1515 192 1614 qui
213 1513 418 1612 imprudens
433 1512 672 1584 occidisset...
689 1538 760 1582 non
776 1512 1011 1585 damnabatur
1029 1515 1179 1602 ¹animo‚

127 1651 192 1702 aut
206 1629 343 1701 sceleri-s
356 1656 397 1700 ea
409 1655 511 1727 poena
525 1649 613 1699 erat:
629 1627 687 1699 sed
701 1648 739 1698 ut
754 1629 974 1726 pertinuerit,
990 1629 1122 1725 inquit,
1138 1629 1180 1699 ad

132 1765 164 1815 te
186 1743 239 1814 lex
250 1799 374 1814 .......
376 1762 494 1814 tamen
516 1742 579 1813 tibi
600 1769 673 1813 non
690 1741 805 1833 licuit,
828 1770 940 1840 quum
958 1743 1002 1813 ad
1020 1744 1182 1815 occiden-

133 1861 219 1931 dum
243 1860 361 1931 venire
390 1885 463 1930 non
487 1858 634 1929 licuerit.
665 1860 736 1929 Lex
760 1859 856 1928 enim
880 1860 1126 1957 quinquennio
1150 1881 1180 1930 te

128 1975 230 2076 jubet
246 1976 398 2047 exsulare
411 2031 480 2046 ..
504 1994 590 2072 puta
612 2000 669 2044 me
691 1994 808 2044 contra
823 1973 882 2073 jus
903 1974 1040 2047 rediisse
1054 2032 1060 2045 .
1074 2031 1080 2045 .
1093 2031 1121 2045 ..
1145 1975 1181 2045 in

128 2091 313 2190 ‚praesentia
324 2146 331 2160 .
343 2146 369 2161 ..
386 2109 568 2185 tamquam
584 2081 704 2158 contra
720 2088 778 2189 jus
792 2089 1015 2160 redissem...
1032 2093 1112 2161 Non
1129 2111 1181 2161 ta-

132 2232 215 2277 men
230 2205 318 2276 mihi
334 2204 603 2306 objicere-debes
619 2204 714 2301 quod
729 2204 931 2294 occiderim,
954 2204 1013 2277 sed
1026 2205 1121 2303 quod
1135 2262 1141 2275 .
1154 2262 1180 2277 ..

131 2324 286 2421 tingente
300 2323 420 2394 fecisse
435 2343 554 2393 contra
567 2321 675 2420 leges.
688 2377 694 2392 .
709 2377 716 2392 .
736 2342 854 2393 contra
868 2320 965 2392 illam
980 2342 1098 2392 tamen
1113 2321 1184 2418 legi

132 2437 199 2509 feci
210 2494 216 2508 .
229 2495 235 2508 .
248 2494 274 2509 ..
293 2438 337 2509 ad
355 2436 533 2536 judicium
550 2436 736 2537 pertinet..
751 2492 777 2506 ..
794 2436 841 2507 sie
856 2436 959 2507 etiam
973 2436 1082 2507 redire
1096 2436 1183 2507 mihi

132 2551 269 2624 licuisse
282 2609 374 2624 .....
393 2552 459 2624 hoc
477 2579 595 2623 rerum
649 2609 656 2622 .
671 2609 698 2624 ..
717 2550 871 2623 occidere
888 2550 1026 2622 licere..
1042 2606 1070 2621 ..
1090 2551 1184 2648 Ergo

101 2732 112 2741 .
133 2664 248 2763 lexqu
259 2722 349 2738 .....
367 2666 539 2765 significat
553 2666 672 2737 omnia
684 2721 800 2738 ......
818 2691 894 2764 quae
909 2664 1070 2735 adversus
1084 2663 1185 2734 adul-

133 2804 221 2854 teros
236 2784 360 2881 scripta
377 2804 441 2871 est,
457 2805 497 2854 ut
514 2803 632 2879 contra
646 2782 729 2853 alias
746 2783 839 2876 leges
851 2835 960 2852 ......
978 2780 1021 2849 ab
1041 2779 1183 2870 exsilio,

133 2923 197 2967 nec
215 2896 377 2968 homines
401 2896 557 2966 occidere
575 2894 692 2966 licuit:
711 2894 771 2966 sed
794 2892 1095 2991 quemadmodum
1114 2893 1184 2964 ho-

134 3009 229 3078 mine
241 3065 327 3080 .....
348 3029 446 3080 erant
462 3008 510 3079 ita
524 3034 636 3080 rever.
649 3063 656 3078 .
668 3063 695 3079 ..

560 3233 747 3298 ‘SERMo

178 3413 286 3476 Locus
298 3428 431 3499 patens,
443 3408 629 3500 quomodo,
642 3427 804 3501 qnantum
814 3411 911 3476 liceat
920 3410 1079 3478 adversus
1088 3411 1186 3479 adul-

135 3536 238 3583 teros:
259 3518 319 3584 sed
336 3518 371 3582 in
388 3518 688 3584 haccontrouersia
705 3519 815 3583 facere
832 3536 964 3607 oportet
980 3520 1014 3584 in
1031 3542 1185 3584 commu-

133 3625 249 3691 nibus²
264 3627 350 3702 fere,
366 3643 403 3691 ut
418 3628 553 3717 quoties
564 3650 777 3691 communem
794 3625 973 3691 dixerimus
988 3626 1116 3705 locum,
1138 3628 1183 3692 ad

132 3734 304 3823 proprium
317 3751 531 3798 revertamur.
547 3737 740 3800 Communis
754 3752 803 3802 est
815 3736 907 3800 locus
919 3733 1076 3801 adversus
1087 3735 1209 3800 adul!

134 3857 222 3903 teros
235 3861 367 3904 omnes:
383 3843 552 3931 proprius,
568 3842 746 3908 adversum
757 3841 819 3909 hos
830 3841 1009 3908 adulteros.

172 4041 193 4074 r.
212 4024 396 4078 Damnabatttr
412 4028 510 4079 animo.
528 4027 634 4093 Malim,
714 4043 738 4077 a.
752 4027 786 4076 In
806 4026 992 4078 communibus.
1006 4025 1091 4094 Lege,
1106 4035 1137 4076 ut
1153 4026 1183 4077 in

133 4102 236 4155 animus
245 4125 252 4152 :
262 4118 288 4156 et
295 4106 377 4178 paulo
386 4122 461 4178 post,
467 4110 512 4179 jas
525 4107 633 4161 rediisse.
676 4105 864 4157 oommuot'bus.
874 4106 984 4158 &nutr-
993 4104 1063 4176 quod
1074 4103 1103 4156 in
1112 4121 1181 4157 eom.

131 4179 250 4235 Si.Prrn.
357 4229 361 4234 .
675 4186 837 4257 Bipont.Eo.
