2626 4816
146 411 189 494 46
398 407 446 472 Μ.
470 408 597 471 FABll
620 407 939 490 QUINTlLlANl

144 516 326 635 privatim:
352 531 499 631 litigavit
520 531 689 603 innocens
709 559 807 625 reus,
830 533 1016 606 damnatus
1035 553 1112 606 est:
1143 533 1203 605 de·

145 650 225 724 tulit
251 650 417 722 affectatae
441 646 637 745 tyrannidis
658 674 778 739 reum,
796 669 835 721 ut
855 675 934 746 pars
951 647 1119 750 judicum
1137 677 1202 750 pu·

143 789 212 857 tat,
237 765 488 870 manifestum:
515 763 770 862 impedimento
796 765 945 865 publicae
968 765 1200 839 humanitatis

142 886 253 958 victus
275 902 335 955 est.
358 881 474 953 Hodie
499 901 620 954 contra
643 882 880 980 rogationem,
906 904 1028 955 contra
1044 882 1105 983 jus
1125 910 1202 956 ves·

142 1023 254 1089 trum,
277 1017 398 1070 contra
414 1017 619 1097 potestatem
636 998 760 1098 populi
780 998 975 1098 pugnabit?
991 997 1054 1071 llle
1075 1019 1205 1071 tamen*

142 1118 232 1192 mihi
255 1114 338 1188 alias
360 1134 411 1204 et,
435 1134 474 1184 ut
495 1113 582 1205 dixi,
605 1115 775 1213 graviores
800 1114 839 1187 in
863 1115 1022 1187 exsilium
1040 1116 1201 1188 abeundi

142 1259 259 1307 causas
271 1230 411 1302 videtur
421 1228 788 1332 hahuissezahsolutus
801 1252 851 1303 est
863 1230 1009 1329 quidem
1022 1258 1100 1304 rcus
1114 1258 1121 1304 :
1139 1231 1202 1304 sed

141 1349 366 1422 innocentem
384 1370 420 1415 se
435 1370 507 1416 esse
524 1346 711 1417 accusatori
731 1340 893 1417 nondum
915 1346 1099 1446 persuasit.
1123 1349 1201 1446 Ego

139 1474 220 1538 vero
247 1487 320 1532 non
352 1457 477 1548 miror,
506 1460 602 1557 quod
628 1458 685 1531 hie
711 1459 810 1533 timet
834 1461 950 1533 adhuc
980 1462 1159 1534 civitatem
1174 1477 1199 1555 ¹,

140 1577 236 1677 quod
264 1574 339 1648 vult
372 1575 639 1673 impendentem
671 1578 864 1674 quamdam
894 1578 1061 1650 omnibus
1093 1579 1202 1651 nobis

139 1695 280 1767 ruinam
305 1692 497 1791 suffugere;
525 1713 559 1762 et
586 1691 734 1783 evitare,
761 1693 857 1790 quod
880 1691 1036 1793 praevidit
1063 1694 1204 1794 pericu·

138 1810 234 1900 lum,
253 1807 372 1907 cupit:
394 1808 455 1879 sed
471 1827 567 1879 tanto
588 1808 699 1906 magis
721 1809 925 1881 retinendus
942 1828 1002 1882 est.
1024 1812 1201 1894 Putemus

137 1925 270 2024 alioqui
285 1924 369 1996 citra
381 1924 618 2024 rogationem,
631 1923 738 2015 talem
756 1924 950 1997 institutam
967 1951 1041 1997 esse
1058 1926 1199 2025 legem„

138 2038 251 2139 qualis
264 2058 372 2127 esset,
392 2037 420 2108 si
432 2036 489 2107 hic
505 2036 689 2108 incivitate
706 2064 885 2111 remanere
896 2038 1010 2112 vellet.
1022 2043 1096 2112 Lex
1108 2041 1203 2140 quid

137 2155 244 2229 dicit?
268 2156 338 2250 Qui
353 2169 517 2226 secretum
530 2155 578 2224 ad
591 2151 838 2253 rempublicam
852 2162 1026 2256 pertinens
1041 2157 1203 2230 iudicare

135 2271 297 2360 voluerit,
311 2268 642 2341 babeatremaneadt'
651 2286 861 2368 potestatem.
874 2272 988 2344 Nemo
997 2272 1202 2344 ²dubitabit

135 2413 180 2458 an
197 2384 422 2472 indicaverit;
441 2384 545 2456 verba
559 2384 666 2483 igitur
678 2385 763 2484 legis
778 2412 840 2485 pro
856 2388 958 2459 nobis
975 2388 1119 2459 omnia:
1134 2387 1199 2461 sed

102 2488 109 2494 ”
134 2501 179 2574 ad
206 2500 529 2600 interpretationem
558 2501 745 2572 voluntatis
776 2527 969 2574 vocamur:
1001 2492 1067 2574 iaec
1094 2503 1196 2575 enim

134 2620 303 2721 seriptum
328 2639 455 2719 putant
475 2643 566 2706 esse,
588 2617 657 2688 nisi
680 2619 775 2715 quod
799 2640 933 2691 certum
956 2618 1195 2719 approbatum

134 2737 198 2811 sit:
214 2758 345 2836 negant
357 2734 520 2824 indicari,
536 2734 606 2806 nisi
621 2735 674 2825 id,
689 2734 815 2834 dequo
828 2763 900 2807 non
913 2735 1106 2808 dubitetur.
1117 2740 1193 2836 Ego

132 2876 249 2926 autem
267 2851 440 2939 existimo,
463 2850 584 2948 legum
606 2851 705 2922 latori
729 2878 803 2922 non
828 2850 980 2922 defuisse
999 2851 1191 2951 eloquendi

132 2969 358 3057 facultatem,
382 2985 421 3036 ut
441 2965 643 3062 approbatis
665 2965 812 3037 demum
830 2965 882 3038 his
899 2994 976 3065 quae
993 2967 1188 3059 detulisset,

133 3108 312 3156 remanere
333 3080 369 3151 in
393 3079 528 3152 civitate
550 3079 702 3152 exsulem
724 3080 850 3154 vellet:
876 3083 914 3155 id
942 3084 1058 3183 ipsum
1082 3082 1187 3183 plane

132 3220 319 3298 aperteque
337 3195 453 3269 dicere
464 3223 536 3267 non
551 3216 754 3272 contentum
773 3220 857 3296 puto
879 3225 950 3272 esse
965 3199 1086 3298 legum
1099 3199 1187 3273 lato·

132 3341 223 3388 rem:
237 3311 564 3413 voluntatem³.cjus
580 3314 731 3386 retinuit.
745 3315 833 3388 Satis
846 3335 894 3388 est
906 3315 1026 3414 igitur,
1044 3336 1083 3387 ut
1098 3315 1186 3388 nihil

131 3429 284 3519 finxerit,
304 3427 397 3500 nihil
412 3427 603 3528 cupiditate
619 3431 812 3503 revertendi
829 3430 1075 3520 mentitussit,
1094 3429 1184 3505 nihil

130 3544 282 3642 denique
301 3544 380 3615 ideo
398 3544 535 3634 fecerit,
561 3565 599 3616 ut
617 3567 821 3619 remaneret.
845 3551 917 3619 Vos
936 3545 1023 3644 quid
1047 3545 1184 3619 dicitis?

129 3660 319 3732 mentitum
336 3686 421 3731 eum
433 3658 558 3732 vultis?
576 3660 832 3762 interrogemus
853 3684 988 3761 partem
1004 3661 1181 3763 judicum.

167 3845 190 3881 ι.
207 3827 283 3899 Quod
297 3826 341 3881 lu'c
353 3829 428 3882 timet
440 3828 527 3882 adhuc
540 3830 635 3883 civita·
676 3832 807 3885 civitatem
820 3833 890 3904 quod
901 3832 972 3885 velat
979 3832 1181 3904 impendentem.

129 3922 190 3964 tm.
207 3910 292 3981 laege:
309 3911 380 3984 quod
398 3911 441 3963 lu'c
459 3910 534 3962 timet
548 3911 636 3963 adbuc
714 3933 737 3966 a.
749 3914 893 3968 Dubitabit.
906 3913 1023 3966 Dubitat.
1036 3911 1125 3967 AErod.
1137 3914 1183 3987 qui

127 3991 237 4050 civitati.
250 3989 281 4043 ld
293 4003 346 4057 est,
358 4009 407 4062 pro
420 3987 534 4042 civitate.
549 3993 634 4044 Goon.
674 3993 702 4043 in
717 4012 799 4061 marg.
813 3993 935 4045 dubitata
946 3992 1127 4045 abdicaverit.

130 4073 206 4142 Quod
217 4071 259 4122 bt'c
269 4073 360 4124 timeat
370 4069 431 4123 but'c
439 4069 549 4123 ciuitati.
562 4073 636 4124 AEro·
711 4069 737 4123 3.
757 4072 784 4124 V
782 4070 939 4125 oluatatem.
951 4069 1003 4124 Alii
1019 4069 1181 4125 voluntatem

127 4150 202 4218 alius,
212 4153 260 4223 qui
270 4156 299 4204 in
310 4151 443 4223 margine,
455 4151 544 4204 timet:
554 4150 636 4205 albic
675 4148 748 4202 ettt‘m
761 4147 885 4203 intuetur.
