2626 4816
185 380 256 447 .32
469 382 516 445 M.
542 380 668 444 FABII
691 380 1015 462 QUINTILIANI

215 627 1191 652 mmfflmfflfflmfflfflfflfflfflfflmw
1196 626 1274 649 νΙΛΜ

648 809 832 887 CCLII.

466 1041 642 1112 Parasitus
658 1056 778 1139 ruptor
791 1041 982 1114 candidatae
992 1056 1015 1112 ¹.

214 1221 368 1279 luscmrrr
381 1233 541 1275 ueturrcu
554 1233 601 1273 sm
615 1232 714 1275 torro.
729 1214 856 1276 Rrrron
867 1217 895 1274 X
907 1225 1035 1275 ΗΜΛ*
1047 1235 1172 1277 sotvsr.
1189 1218 1266 1277 Pau·

254 1315 336 1397 peris
348 1325 376 1373 et
388 1312 493 1372 divitis
505 1310 571 1372 filia
581 1312 789 1372 sacerdotium
800 1298 956 1394 poteliant.
968 1315 1177 1389 Humorem,
1186 1314 1266 1375 futu·

255 1433 327 1472 rum
339 1422 374 1471 ut
388 1411 532 1492 pauperis
543 1407 611 1469 filia
626 1409 768 1470 sacerdos
783 1394 955 1471 crearetur:
974 1411 1080 1492 rapuit
1095 1432 1164 1471 eam
1181 1432 1264 1494 para·

189 1562 192 1568 .
256 1509 331 1570 situs
346 1507 459 1566 divitis.
474 1507 501 1565 X
514 1505 614 1566 millia
627 1519 753 1588 accepta
765 1528 784 1566 a
797 1507 893 1567 divite
907 1507 1031 1568 solvite
1047 1507 1132 1590 lege:
1151 1519 1264 1568 accusat

255 1624 375 1686 pauper
386 1604 514 1663 divitem
527 1603 668 1684 inscripti
680 1601 851 1663 maleficii>

547 1871 550 1880 f
653 1797 836 1864 seruo,

261 1958 432 2048 Pleraeque
450 1958 685 2023 controversiae
704 1955 767 2023 sub
783 1955 846 2023 hac
862 1956 936 2046 lege
952 1957 1069 2046 positae
1082 1954 1167 2026 duas
1180 1977 1263 2046 quae·

217 2066 341 2132 stiones
356 2063 497 2143 habent,
516 2087 556 2129 ex
572 2065 652 2153 ipsis
671 2087 787 2130 earum
797 2064 909 2131 verbis
922 2081 1057 2130 tractes:
1074 2088 1117 2129 an
1132 2063 1264 2152 inscrip-

216 2191 289 2240 tum
303 2174 345 2239 sit
355 2171 446 2262 quod
459 2170 625 2261 objicitur,
639 2188 726 2237 etan
736 2171 937 2239 maleficium
947 2172 1003 2252 sit,
1015 2169 1107 2261 quod
1117 2170 1265 2261 frequen·

217 2298 269 2347 ter
290 2278 357 2343 dixi
365 2276 389 2354 3,
410 2301 478 2342 non
497 2301 630 2368 semper
650 2295 846 2368 utrumque,
872 2279 1031 2368 quoniam
1054 2277 1126 2342 fere
1150 2272 1266 2341 ubido

218 2384 377 2471 inscripto
390 2398 534 2462 constat,
549 2384 654 2474 quaeri
666 2384 752 2450 solet
764 2383 806 2449 de
819 2383 999 2448 maleficio:
1014 2383 1040 2447 si
1053 2379 1096 2447 de
1108 2380 1266 2449 maleficio

219 2491 392 2568 convenit,
412 2490 447 2554 in
466 2490 725 2556 controversiam
745 2490 855 2568 venit,
876 2514 920 2555 au
942 2490 1141 2578 inscriptum
1159 2487 1211 2552 sit.
1233 2488 1266 2549 ln

217 2597 280 2662 hac
291 2595 516 2662 controversia
530 2596 625 2660 tertia
638 2619 775 2687 quoque
791 2594 965 2687 adjiciatur
979 2593 1118 2685 quaestio
1136 2613 1266 2658 necesse

218 2719 284 2783 est,
304 2724 379 2793 quae
398 2701 608 2790 generalibus
627 2700 941 2779 consummatus,
964 2723 1006 2764 an
1025 2698 1125 2789 hujus
1145 2695 1266 2763 malefi-

217 2813 308 2875 cium
327 2810 385 2887 sit,
404 2808 462 2873 sed
480 2831 542 2897 pro
558 2806 642 2873 hac⁵
659 2808 770 2875 media
786 2809 958 2872 eximitur:
976 2829 1046 2870 non
1064 2805 1156 2870 enim
1167 2803 1267 2895 quaeri

217 2931 328 3004 potest
348 2938 392 2978 au
409 2915 451 2977 sit
466 2913 685 2990 maleficium
702 2937 813 3003 neque
831 2914 920 2977 enim
937 2913 972 2976 in
988 2934 1101 2976 rerum
1119 2926 1268 2978 naturam

218 3019 322 3101 cadit,
339 3036 377 3083 ut
391 3020 567 3108 quisquam
581 3019 771 3083 mortalium
783 3016 818 3082 id
830 3016 1032 3082 maleficium
1044 3031 1161 3105 neget,
1177 3015 1267 3105 cujus

219 3149 353 3217 poenam
373 3125 516 3190 solutam
538 3147 609 3189 esse
629 3123 827 3190 contendat:
852 3147 1038 3214 quaeremus
1058 3145 1137 3212 ergo
1159 3146 1202 3187 an
1223 3123 1268 3187 in·

122 3300 124 3307 ,
219 3234 378 3321 scriptum
392 3232 448 3309 sit,
465 3247 498 3294 et
510 3254 553 3295 an
564 3229 665 3322 hujus
677 3231 878 3296 maleficium
891 3232 941 3297 sit.

257 3372 723 3447 1.Candidatoe.Competitrix.Deci.
759 3373 930 3446 frequenter,
955 3392 1008 3426 non
1033 3391 1134 3446 semper
1153 3381 1270 3444 utraque.

219 3452 470 3509 CCCLXXdioitur.
766 3453 877 3505 Scitum.
1152 3471 1155 3477 ·

257 3551 281 3586 2.
300 3534 401 3604 Raptor
420 3533 448 3583 X
468 3531 565 3586 millia.
587 3536 627 3586 Ita
639 3557 642 3565 ·
653 3531 726 3603 apud
801 3532 827 3599 4.
838 3533 1273 3606 Quaeqeneralibusconstat.Lege,

220 3615 294 3687 Suip.
314 3617 413 3666 Victor.
431 3614 496 3665 Inst.
516 3616 592 3668 Orat.
612 3633 639 3685 p.
656 3611 724 3665 261:
766 3631 824 3685 quoe
835 3631 866 3663 ex
876 3611 1046 3684 qeneralibus.
1063 3615 1185 3679 Constat,
1203 3615 1274 3666 ecci·

223 3719 233 3741 u
244 3695 296 3761 Qui
304 3693 725 3764 virginemvitiaverit‚detdecem
766 3692 826 3761 pio,
839 3692 938 3740 oritur:
952 3703 982 3742 ut
994 3689 1067 3761 apud
1077 3691 1162 3743 Plaut.
1174 3690 1274 3763 Amph.

223 3772 336 3824 «millia.
348 3796 358 3818 n
372 3771 482 3823 Sotium.
768 3784 818 3823 aot.
836 3771 861 3835 Ι,
881 3790 952 3823 scen.
971 3789 998 3836 ι,
1017 3792 1055 3824 vs.
1073 3775 1120 3842 78;
1139 3773 1215 3824 Curt.
1235 3774 1275 3836 X,

256 3854 282 3908 3.
297 3854 374 3924 Quod
378 3853 535 3927 frequenter
543 3851 606 3905 dixi.
617 3851 674 3918 An,
686 3852 725 3904 di·
765 3870 824 3922 rap.
845 3849 894 3902 ult.
908 3852 930 3918 ς.
952 3868 998 3914 ¹²3
1013 3851 1030 3902 l.
1049 3852 1114 3923 194,
1125 3853 1157 3905 ff.
1168 3851 1205 3904 de
1218 3855 1274 3926 reg.

219 3935 301 3998 citur,
319 3950 373 3983 non
389 3950 489 4003 semper
506 3941 658 4003 utrumque,
676 3950 724 3995 an,
765 3935 823 3985 Jur.
837 3932 992 3985 Souutruso.

209 4026 272 4089 ‘qua
282 4015 314 4066 de
317 4014 474 4087 frequenter
484 4013 539 4065 dixi
543 4051 551 4074 ,
564 4030 617 4064 non
626 4029 727 4084 semper
802 4010 817 4065 5
821 4051 826 4063 .
837 4013 888 4064 Sed
894 4030 943 4084 pro
954 4013 1011 4065 hac.
1023 4014 1065 4065 An
1073 4026 1182 4085 propter
1189 4015 1278 4068 hano?

219 4095 252 4145 de
269 4105 393 4165 utraque,
417 4112 465 4153 am
484 4109 541 4164 quae
563 4089 623 4160 (vei
639 4089 726 4163 quod)
766 4091 874 4144 Sotium.
