2626 4816
128 403 169 481 ro
381 396 920 479 n.rruerurur1erur

127 521 384 613 eor,ncminem
393 521 554 593 exstitisse
564 519 797 618 priorem,qui
806 517 1180 619 prosalutecommuni

128 663 184 707 me
194 638 372 708 offendere
381 636 532 707 auderet.
544 639 666 735 Neque
676 636 712 706 id
722 635 802 707 satis
812 656 874 707 est:
888 634 947 706 sed
955 633 1109 724 invenio,
1120 632 1180 732 qui

127 751 331 841 adulentur,
346 770 437 823 etue
453 779 544 823 ame
563 750 708 850 quidem
725 749 832 822 latam
851 749 942 821 hanc
961 748 1180 847 rogationem

128 867 323 940 existiment
345 888 501 965 respectu
534 867 604 939 mei
636 866 873 966 recipiendam
895 895 903 937 :
938 891 1019 938 cum
1048 863 1180 964 quibus

128 981 219 1053 mihi
241 980 426 1054 consistere
447 982 589 1074 fortius,
606 1002 710 1081 atque
727 981 848 1072 etiam,
870 980 898 1052 si
915 979 962 1051 ita
982 1006 1034 1052 res
1050 978 1179 1077 exigat,

127 1097 285 1168 acerbius
306 1123 442 1170 necesse
466 1118 518 1170 est
526 1127 535 1186 ;
556 1123 668 1197 quum
685 1096 722 1202 in
742 1097 779 1169 id
799 1122 938 1195 quoque
958 1094 1182 1192 'perieulum

55 1214 57 1219 ’
126 1210 243 1282 venire
259 1210 453 1311 intelligam
467 1211 646 1311 optionem
664 1237 800 1301 meam,
815 1236 861 1281 an
880 1209 945 1280 hoc
961 1208 1082 1279 velim.
1095 1206 1183 1279 Satis

128 1345 201 1397 erat
217 1325 307 1396 mihi
323 1324 453 1419 dicere,
476 1327 693 1427 rogationem
709 1327 781 1397 fero
798 1324 924 1395 utilem
947 1323 1095 1395 civitati:
1120 1321 1184 1394 ista

129 1439 224 1511 enim
247 1441 402 1539 speciosa
417 1440 527 1533 dictu,
546 1463 580 1514 et
598 1469 687 1513 vana
705 1440 860 1539 quadam
876 1439 1030 1538 imagine
1044 1436 1184 1509 honesti

128 1553 362 1646 circumdata,
380 1583 453 1628 non
474 1557 666 1656 respiciunt
686 1576 870 1657 praesentes
891 1552 1121 1626 necessitates.
1149 1551 1184 1623 Si

127 1689 239 1742 tantas
253 1671 340 1744 vires
358 1671 500 1744 haberet
519 1673 651 1764 civitas,
667 1694 707 1744 ut
719 1672 811 1744 bella
825 1672 1016 1770 suscipere,
1032 1690 1071 1741 ut
1091 1670 1185 1740 fran-

128 1811 208 1885 gere
223 1787 374 1886 impetus
390 1787 529 1885 tyranni
541 1808 670 1887 posset,
688 1815 761 1859 non
779 1787 927 1859 tamdiu
942 1785 1182 1875 caruissemus,

128 1927 201 1972 non
225 1901 329 1973 illum
354 1903 637 1973 cruentissimum
660 1901 848 1973 dominum
870 1929 961 1973 unus
984 1927 1025 1971 ex
1045 1899 1184 1971 insidiis

129 2016 330 2089 occidissett
354 2037 458 2116 atque
476 2045 557 2114 ego,
580 2016 718 2087 etiamsi
741 2016 940 2114 plurimum
958 2025 1030 2086 'esse
1053 2013 1184 2087 civium

129 2131 166 2202 in
189 2130 253 2203 hac
277 2131 411 2204 civitate
435 2154 645 2231 spectarem,
670 2131 760 2203 bene
783 2153 901 2204 tamen
924 2129 1050 2202 redimi
1075 2129 1184 2227 capite

128 2245 237 2316 unius
258 2245 339 2319 civis
357 2273 477 2345 pacem
503 2267 675 2345 putarem.
697 2245 811 2317 Facile
832 2267 885 2317 est
904 2245 967 2316 ista
986 2244 1023 2315 in
1041 2243 1185 2315 concio·

130 2359 234 2431 nibus
258 2381 291 2430 et
312 2360 466 2432 consiliis
491 2361 660 2460 dispicere
678 2359 839 2431 dicendo.
862 2362 944 2430 Jam
969 2359 996 2430 si
1019 2358 1185 2429 exercitus

128 2476 282 2548 bostium
302 2477 393 2549 intra
415 2477 502 2548 fines
518 2499 650 2550 nostros
668 2478 795 2563 luerit,
820 2476 847 2546 si
868 2475 990 2547 ardere
1010 2472 1131 2564 villas,
1156 2472 1185 2545 si

128 2592 295 2692 frugifera
312 2594 463 2689 succidi,
488 2595 515 2666 si
540 2596 662 2695 fugam
686 2594 893 2666 rusticorum
920 2592 955 2663 in
982 2591 1131 2679 urbem,
1157 2589 1185 2661 si

130 2709 310 2809 compulsa
328 2709 418 2782 intra
434 2739 553 2783 muros
566 2739 689 2810 pecora
704 2709 915 2797 viderimus,
934 2707 962 2784 si
978 2706 1107 2781 muenia
1122 2733 1186 2804 op·

130 2825 402 2922 pugnabuntur,
421 2826 448 2896 si
468 2848 578 2896 turres
595 2825 812 2922 quatientur,
837 2823 864 2895 si
884 2822 927 2893 ad
946 2822 1122 2894 delectum
1140 2820 1184 2893 ab

130 2938 293 3036 amplexu
309 2959 462 3009 matrum
481 2940 629 3038 juvenes
646 2938 837 3036 rapientur,
861 2965 968 3034 quam
986 2964 1060 3009 sero
1077 2935 1184 3036 poeni·

129 3053 217 3124 tebit
227 3075 299 3125 tam
310 3081 386 3125 caro
398 3055 481 3125 uni²
495 3053 785 3155 pepercisselEtsi
796 3054 881 3153 quid
893 3075 1011 3124 tamen
1025 3053 1184 3124 deforme

130 3165 294 3239 habitura
313 3168 431 3240 civitas
452 3170 574 3262 fuerit,
600 3170 736 3260 dedito,
753 3189 791 3241 ut
812 3169 963 3240 subinde
981 3167 1108 3257 dicitis,
1133 3189 1185 3266 ty-

132 3281 329 3373 rannicida,
344 3283 379 3354 id
391 3310 497 3355 omne
509 3311 588 3356 mea
601 3285 780 3382 rogatione
794 3283 987 3356 detractum
1000 3303 1066 3354 est:
1083 3281 1184 3354 omni

131 3397 265 3496 pudore
290 3397 426 3469 liberati
445 3398 545 3471 estis:
564 3398 711 3470 invitum
734 3423 807 3470 non
826 3398 1060 3474 dedidissetis:
1088 3396 1185 3494 quod

131 3512 244 3584 advos
257 3514 422 3612 pertinet,
434 3514 568 3587 bellum
584 3517 756 3614 suscipere
771 3514 953 3587 maluistis.
972 3513 1040 3585 Sed
1052 3512 1120 3585 hoc
1136 3533 1186 3585 est

130 3628 325 3728 praecipue,
343 3656 449 3725 quare
471 3656 535 3728 ego
556 3629 647 3702 hanc
669 3630 758 3702 ferre
776 3629 924 3700 debeam
945 3627 1183 3728 rogationem:

132 3769 194 3842 ego
216 3770 279 3842 pro
301 3745 434 3819 civitate
455 3767 527 3819 tam
549 3768 661 3846 grata,
679 3774 741 3846 pro
759 3745 891 3845 populo
912 3745 991 3833 tali,
1009 3770 1082 3815 non
1099 3743 1185 3816 sub-

169 3905 193 3939 ι.
207 3889 316 3960 Quoque
326 3889 479 3954 perieulum.
493 3890 523 3941 ld
535 3903 576 3943 est
588 3889 637 3942 du·
715 3908 739 3942 a.
750 3890 816 3941 Tum
825 3907 885 3941 caro
895 3890 950 3941 uni.
961 3889 1004 3940 Sic
1013 3906 1076 3939 vero
1087 3887 1183 3940 Atilius

63 3966 68 3973 ’
130 3965 214 4018 bium.
222 3967 260 4018 lta
271 3969 379 4020 Terent.
387 3967 462 4022 Adel.
472 3971 509 4034 ΙΙ,
520 3968 635 4034 a,dixit:
676 3968 807 4038 Regulus,
820 3970 856 4020 sic
867 3968 911 4038 Sp.
925 3967 1090 4030 Postumius,
1103 3967 1140 4016 sie
1153 3966 1181 4017 G.

134 4066 145 4090 u
155 4046 187 4096 Et
200 4046 228 4096 in
239 4045 389 4116 periculum
398 4050 504 4115 venire,
516 4061 542 4102 et
551 4050 579 4101 in
588 4047 637 4101 du·
677 4047 817 4099 Mancinus
829 4046 995 4117 rogationem
1006 4044 1141 4114 tulerunt,
1152 4057 1183 4096 ut

135 4122 260 4177 rhium.»
278 4125 387 4178 Scrutr.
677 4128 729 4200 ipsi
740 4126 909 4181 dederentur.
922 4126 1012 4180 AEuoo.
