2626 4816
134 433 174 476 no
385 409 432 473 M.
457 408 585 473 FABII
607 406 929 492 QUINTILIANI

130 532 419 634 quinquennium
433 559 440 603 τ
455 531 586 630 explica
599 531 696 603 enlm
708 533 797 604 mihi
808 533 970 605 medium
983 531 1071 604 illud
1085 531 1184 604 bien-

132 650 245 728 nium.
261 651 316 719 An
329 648 398 718 hoc.
408 646 510 735 dicis,
526 646 616 716 nihil
631 646 791 719 interest?
805 648 860 719 dic
873 648 980 740 mihi,
992 676 1061 747 quo
1074 647 1181 719 modo

131 767 241 865 magis
256 764 475 853 exsulaverit,
497 790 605 862 quam
624 763 652 834 si
668 790 782 835 unum
799 765 992 836 occidisset.
1007 763 1116 855 Quod
1132 782 1182 834 est

129 881 223 953 istud
234 900 352 952 contra
361 878 454 976 leges
463 877 733 975 compendium,
744 900 782 950 ut
792 879 887 950 idern
896 878 984 951 illud
992 878 1182 949 biennium

128 997 252 1096 prioris
262 1017 372 1093 poenae
380 993 547 1065 ultimum
565 994 624 1084 sit,
637 995 812 1092 sequentis
823 993 1004 1094 primum?
1020 994 1123 1065 Libet
1135 980 1200 1064 ini

128 1133 299 1210 terrogare
311 1132 493 1208 tamquam
503 1133 724 1209 praesentem:
738 1111 799 1182 illo
809 1112 927 1184 medio
939 1133 1095 1209 tempore
1110 1112 1181 1183 utri

130 1225 312 1300 exsulasti?
324 1225 425 1326 cujus
438 1227 504 1297 hoc
519 1225 622 1297 morti
633 1227 687 1297 lex
697 1227 872 1325 praestitit?
882 1227 1075 1325 Fingamus
1085 1226 1182 1297 enim

130 1343 218 1414 duos
237 1341 351 1412 statim
376 1339 520 1430 occisos,
543 1360 582 1410 nt
603 1339 711 1430 duos,
738 1341 784 1411 ita
808 1341 911 1412 etiam
928 1341 1064 1440 plures,
1086 1361 1119 1412 et
1137 1340 1183 1412 ad

129 1485 378 1556 quemcunque
387 1467 594 1530 numerum:
606 1455 704 1528 nulla
713 1457 910 1528 differentia
920 1478 979 1547 est,
988 1457 1077 1529 inter
1085 1484 1181 1546 eum,

129 1575 192 1674 qui
209 1574 246 1645 in
264 1600 336 1644 uno
351 1571 468 1671 lapsus
485 1592 555 1660 est,
576 1593 727 1661 etcum,
747 1572 808 1671 qui
822 1573 1092 1646 satisfactionem
1106 1572 1183 1671 plu-

128 1690 224 1762 ribus
239 1687 364 1761 debet?
375 1690 623 1760 {nenouunrrs
638 1707 751 1759 onurs
765 1709 964 1761 DAMNATUS
976 1708 1184 1777 Quanouv·

127 1827 193 1878 Nlo
205 1824 378 1878 EXSULET.
395 1807 461 1875 Ista
476 1805 606 1875 ratione
619 1806 735 1877 statim
748 1825 882 1902 poterat
896 1825 972 1903 post
986 1804 1184 1901 quinquen·

129 1923 230 1993 nium
253 1920 386 2007 redire,
410 1918 585 2016 siquidem
614 1917 680 1990 hoc
707 1918 821 1990 dicere
843 1921 923 1991 satis
945 1941 1016 2010 est,
1040 1920 1183 1993 Caedem

128 2037 334 2137 imprudens
352 2035 546 2122 commisit,
563 2033 848 2132 quinquennium
863 2037 1036 2108 exsulavit.
1055 2035 1186 2107 Videa-

129 2181 209 2225 mus
226 2180 341 2242 nunc,
358 2179 465 2249 quarn
485 2151 655 2223 rationem
670 2172 786 2222 secuta
800 2153 843 2222 sit
860 2153 914 2224 lex
933 2153 1185 2227 constituendae

130 2268 303 2372 ejusmodi
319 2294 445 2367 penna,
462 2294 570 2365 quam
585 2267 784 2339 mehercule
803 2269 941 2339 videtur
962 2268 1050 2339 mihi
1068 2269 1185 2366 priore

129 2386 329 2474 clementia,
346 2412 454 2484 quarn
462 2383 617 2484 justitia¹
636 2385 851 2456 constituisse
866 2412 929 2483 pro
945 2406 1056 2457 morte
1071 2384 1186 2457 homi-

129 2500 410 2590 nisinnocentis,
425 2526 487 2598 pro
501 2499 571 2570 vita
581 2498 829 2598 quinquennio
841 2498 994 2597 denique
1005 2500 1187 2571 constituit

130 2619 334 2691 absentiam.
360 2620 433 2716 Ego
452 2616 596 2715 quidem
614 2616 873 2716 impudentiam
887 2615 980 2688 illius
993 2614 1047 2686 vel
1062 2615 1099 2686 in
1117 2616 1186 2687 hoc

131 2737 249 2808 mirari
272 2736 351 2807 satis
372 2762 445 2805 non
472 2763 635 2833 possum,
657 2733 752 2832 quod
772 2733 947 2804 festinavit
969 2753 1039 2803 tam
1060 2732 1131 2804 cito
1146 2733 1187 2803 in

131 2852 280 2950 patriam
294 2851 428 2921 reverti.
444 2852 504 2919 Est
516 2850 628 2936 enim,
644 2863 702 2919 ut²
715 2848 783 2919 sibi
798 2847 921 2944 aliquis
936 2873 1050 2918 unum
1064 2874 1187 2920 casum

131 2967 301 3056 remittat,
320 2985 353 3036 et
368 2963 475 3034 semel
487 2965 604 3061 lapsus
619 2990 731 3034 errore
746 2989 782 3034 se
799 2962 961 3033 humanae
979 2964 1188 3035 necessitatis

133 3102 283 3154 excuset:
303 3080 359 3151 hic
372 3106 469 3169 vero,
488 3081 550 3176 qui
565 3079 740 3151 commisit
753 3079 881 3151 iterum
891 3079 1003 3168 idem,
1018 3106 1087 3176 quo
1101 3080 1189 3151 exsi-

131 3198 222 3270 lium
229 3194 1189 3293 meruit‚computatisdiebusatquehorislegemtantum·

134 3310 414 3409 modoinspexit‚
429 3336 501 3380 non
517 3312 625 3381 etiam
636 3310 784 3381 crimina
796 3336 858 3381 sua
870 3309 1081 3398 numeravit,
1094 3310 1188 3381 nihil

132 3428 347 3501 verecundiae
364 3453 434 3497 suae
446 3426 588 3526 adjecit,
605 3426 696 3497 nihil
711 3426 851 3525 pudori.
865 3427 955 3517 Quis
968 3428 1188 3499 autemindi·

116 3580 119 3585 ¹
134 3542 234 3641 gnari
250 3561 361 3639 potest
376 3568 459 3612 eum
476 3540 714 3629 interfectum,
730 3542 791 3640 qui
805 3541 968 3612 occiderit
980 3540 1088 3612 duos?
1101 3569 1188 3614 nam

134 3657 162 3728 si
181 3655 254 3726 ulla
267 3655 334 3725 hoc
349 3654 424 3725 loco
443 3654 619 3726 miseratio
635 3675 700 3744 est,
722 3654 825 3727 debet
840 3681 911 3727 esse
925 3683 988 3754 pro
1004 3655 1090 3726 illis:
1112 3656 1188 3728 haec

173 3807 638 3880 r.Prioreclementiaquamjustitia.
680 3809 764 3861 lnstit.
779 3807 826 3859 lib.
838 3808 911 3873 Vlll,
924 3824 948 3858 2.
963 3806 1091 3857 Francius
1106 3807 1189 3859 male·

134 3894 219 3963 Lege,
239 3894 344 3964 majore.
366 3891 448 3942 Grion.
473 3889 564 3940 Pn'ore
586 3887 639 3940 cle·
679 3886 860 3958 bat‚potiore.

135 3972 239 4023 mentioe
252 3989 331 4043 qttam
345 3968 458 4042 justitiae
478 3986 541 4020 curu
559 3978 638 4020 const.
717 3983 741 4016 n.
760 3966 807 4017 Est
824 3963 894 4015 enim
916 3974 954 4014 ut.
976 3960 1019 4012 hd
1034 3963 1188 4015 Graeoorurn

135 4051 394 4112 Senum-Forte,
414 4050 516 4120 pejore,
529 4061 559 4098 ut
568 4066 641 4098 corn·
680 4065 795 4110 morem,
811 4046 856 4117 qui
870 4045 907 4096 ita
918 4042 978 4096 loon
991 4043 1052 4099 ὅπως
1061 4057 1187 4098 utuntur.

136 4145 236 4186 mutata
254 4131 300 4183 illa
321 4129 451 4183 vocabula
472 4132 546 4184 fuere
562 4131 641 4182 etiam
680 4128 740 4180 vide
753 4126 786 4179 ad
796 4130 901 4178 Patron.
915 4143 973 4197 cap.
987 4125 1101 4177 CXXVI.
