2626 4816
133 431 176 506 24
384 422 929 506 M.FnssttQU1NTtL1AN1

134 572 191 617 rea
210 545 299 617 hanc
319 572 460 643 quoque
483 546 631 644 proponi
650 545 966 644 praescriptionem:
991 571 1111 615 nonne
1127 542 1190 614 illa

132 680 361 757 patronorum
373 658 529 731 defensio
545 658 744 730 firmissima
754 659 832 747 erit,
842 658 950 729 habes
964 657 1187 746 adulterum,

131 774 234 846 lexte
251 776 295 847 ab
312 775 373 847 illo
391 774 498 847 ordiri
518 774 642 875 jubet:
667 776 753 873 quid
768 775 937 847 transilis?
950 775 1017 847 hoc
1037 773 1074 847 in
1089 773 1189 850 ‚hanc

131 917 204 963 non
219 910 330 991 potest
343 889 424 963 dici.
440 891 532 980 Quis
547 891 653 989 igitur
667 891 784 964 credat
800 893 875 991 ejus
889 889 1100 963 conditionis
1115 916 1187 961 esse

124 1006 208 1106 jura
231 1004 322 1096 ulla,
342 1025 383 1077 ut
394 1004 528 1101 aliquid
547 1032 619 1077 non
641 1006 743 1078 liceat
764 1029 797 1078 et
817 1033 955 1079 necesse
970 1005 1032 1077 sit?
1053 1032 1137 1077 nam
1159 1004 1187 1075 si

130 1119 219 1191 mihi
241 1120 308 1191 hoc
326 1119 371 1190 ab
393 1146 435 1192 ea
452 1119 551 1209 dicit,
575 1124 709 1193 Accusa
726 1122 824 1220 prius
846 1121 1067 1210 adulterum,
1091 1119 1136 1191 ad
1153 1140 1186 1190 te

129 1225 272 1308 venio¹¹:
292 1236 504 1334 respondeo,
524 1264 684 1317 accusare
700 1237 899 1310 adulterum
920 1236 1014 1309 volo:
1036 1237 1112 1308 haec
1129 1235 1186 1306 di-

131 1377 263 1440 cerem,
285 1351 313 1423 si
329 1376 403 1422 non
420 1349 659 1442 inchoassem,
674 1352 703 1424 si
718 1352 807 1423 nihil
823 1353 993 1423 fecissem.
1008 1353 1113 1422 Nunc
1131 1349 1185 1449 egi

130 1468 1186 1567 cumadultero,etsicontentuscssemvoluntatclegis,agere

130 1585 244 1676 volui,
266 1613 328 1685 per
350 1613 407 1658 me
429 1613 501 1659 non
520 1587 630 1660 stetit:
654 1586 761 1658 habet
781 1586 834 1658 lex
855 1586 1016 1656 animu'm
1038 1610 1184 1655 meum:

130 1703 238 1802 coepi,
259 1704 331 1802 egi,
349 1730 414 1776 nec
432 1703 486 1775 lex
502 1704 623 1802 utique
641 1703 715 1777 ullo
730 1704 858 1802 scripto
871 1703 938 1774 hoc
956 1699 1187 1799 comprehen-

131 1818 193 1909 dit,
211 1841 250 1891 nt
265 1820 352 1890 mihi
367 1843 505 1891 necesse
520 1821 562 1892 sit
577 1846 677 1918 agere
693 1847 804 1917 usque
820 1819 864 1890 ad
880 1819 1008 1889 linem:
1025 1842 1111 1887 nam
1124 1815 1187 1887 etsi

126 1933 263 2034 judices
288 1933 543 2023 consedissent,
566 1955 601 2005 et
618 1934 861 2023 absolvissent,
885 1961 948 2032 ego
967 1953 1088 2005 tamen
1107 1957 1187 2029 ege-

130 2076 216 2140 ram.
228 2049 501 2148 Apparetigitur
510 2074 582 2121 non
595 2050 686 2121 exitu
698 2048 823 2149 judicii
835 2070 987 2121 constare
1000 2032 1189 2135 actionem,

131 2166 190 2238 sed
217 2166 381 2238 introitu:
405 2165 510 2264 igitur
530 2165 558 2236 si
580 2165 759 2236 absolutus
782 2164 932 2254 essetis,
955 2188 1062 2260 quem
1084 2182 1188 2239 tuum

131 2278 331 2351 adulterum
351 2279 528 2373 dicebam,
547 2305 648 2377 agere
664 2279 753 2349 mihi
774 2300 891 2351 tecum
908 2278 1050 2367 licebat,
1073 2297 1108 2347 et
1125 2277 1191 2348 ista

132 2395 340 2495 praescriptio
353 2394 453 2467 nulla
465 2416 568 2466 esset:
585 2421 681 2465 nunc
696 2420 769 2465 non
784 2393 903 2466 licebit
917 2420 1039 2492 agere,
1055 2392 1140 2490 quia
1153 2417 1188 2463 sc

132 2511 309 2583 confessus
324 2529 376 2583 est
391 2508 522 2582 absolvi
537 2537 609 2582 non
622 2507 743 2609 posse?
757 2508 830 2608 egi:
850 2527 934 2608 puta
946 2507 1042 2580 enim
1062 2505 1189 2577 eadem

131 2628 247 2700 statim
268 2628 344 2720 die,
369 2655 439 2728 qua
460 2654 562 2700 reum
584 2626 708 2717 detuli,
733 2624 935 2724 interrogari
952 2644 1004 2696 te:
1028 2622 1116 2720 quid
1132 2624 1189 2693 fa-

131 2743 246 2815 ciam?
268 2772 313 2816 an
334 2765 414 2816 ante
432 2772 545 2842 quum
569 2742 693 2814 album
718 2741 901 2838 descripsi,
919 2766 1031 2838 quum
1048 2739 1188 2840 judices

132 2860 254 2961 rejeci,
279 2887 341 2959 per
365 2859 440 2931 illas
462 2885 586 2930 omnes
608 2883 725 2929 moras
742 2855 961 2957 judiciorum
985 2855 1108 2953 longas
1132 2855 1189 2926 ni-

132 2974 269 3063 mium,
289 2995 321 3045 et
338 3001 400 3072 pro
414 2973 624 3045 nocentibus
634 2971 865 3070 compositas,
885 2970 971 3068 quid
986 2969 1083 3041 aliud
1101 2970 1188 3061 feci,

131 3117 240 3189 quam
255 3112 294 3162 ut
306 3089 470 3190 agerem?
493 3117 566 3163 non
582 3088 813 3163 inficiaberis²
832 3115 889 3161 me
907 3115 1007 3186 agere
1025 3087 1186 3186 coepisse:

130 3204 240 3303 quid*
253 3205 314 3305 qui
329 3232 429 3306 agere
444 3206 564 3306 coepit,
582 3205 667 3304 quia
676 3203 785 3276 semel
804 3202 963 3302 contigit,
973 3229 1062 3273 num
1073 3229 1187 3301 quum

169 3375 190 3408 1.
202 3357 246 3409 Ad
264 3369 288 3409 te
306 3336 392 3410 ¹verrio.
413 3360 522 3428 Respon.
541 3359 637 3410 Forte:
677 3356 749 3427 prius
767 3354 932 3420 adulterum,
950 3353 1031 3406 cedite
1049 3352 1139 3424 (cedat
1160 3354 1188 3406 in

134 3464 145 3487 a
155 3441 225 3493 Nam
238 3440 259 3490 si
274 3439 339 3490 milri
360 3438 412 3492 hoc
427 3439 461 3492 ab
480 3458 512 3492 ea
531 3439 637 3507 dicitur,
678 3432 928 3504 emendationibus)
940 3433 1067 3503 proemio,
1084 3450 1188 3504 respon·

134 3518 637 3590 uAccusatpriusadulterumuespon-
678 3516 757 3582 debo,
791 3533 910 3568 accusare
937 3512 1086 3565 adulterum
1116 3513 1187 3566 volo.

133 3620 145 3643 o
156 3596 222 3664 deo,
233 3595 276 3648 Ad
288 3610 314 3648 te
326 3599 415 3651 venire
424 3610 550 3650 accusato
561 3596 638 3649 adul·
678 3596 841 3650 Obrechtus.

134 3689 212 3728 «tero
228 3676 323 3727 volo.»
338 3676 421 3727 Gnon.
441 3679 530 3748 Lego:
547 3678 637 3729 uNarn
715 3698 738 3732 2.
747 3681 811 3732 Non
823 3677 985 3750 inficiaberis.
993 3678 1065 3746 Lego
1075 3697 1081 3726 ι
1093 3698 1104 3722 α
1115 3669 1188 3729 Noni

133 3755 177 3809 uri
190 3754 255 3805 mihi
267 3753 320 3806 hoc
333 3754 366 3806 ab
385 3773 417 3806 ea
434 3754 574 3821 diceretur,
585 3757 638 3808 Ac·
680 3761 748 3812 «inf.
762 3779 797 3811 m.
815 3780 839 3811 a.
860 3760 991 3830 coepisse?
1002 3776 1086 3828 quum
1099 3759 1146 3828 qui
1163 3777 1186 3809 a.

134 3851 219 3886 neusa
227 3834 302 3903 prius
315 3832 473 3886 adulterum.
486 3834 589 3888 Deinde
602 3834 637 3886 ad
678 3859 700 3891 c.
713 3859 739 3911 q.
753 3859 774 3892 s.
785 3858 808 3890 c.
822 3857 962 3909 nunqnam
977 3856 1032 3888 non
1043 3856 1122 3909 agere
1134 3856 1189 3890 coe-

134 3936 145 3959 u
155 3913 500 3984 mevenillespondersm,
511 3931 637 3966 accusare
681 3920 760 3989 «pitz
780 3936 868 3987 neque
885 3930 973 3968 tamen
990 3915 1090 3982 videri,
1107 3929 1184 3967 etc.»

134 3990 307 4043 «adulterum
323 3990 423 4056 nolo,»
446 3989 637 4062 quiasoilicet,
679 3999 788 4051 Senum,
814 3999 895 4067 “Egit
919 3998 965 4067 qui
987 3997 1187 4068 agereooepit,

130 4090 185 4122 non
222 4088 333 4141 possum
361 4071 434 4142 prius
468 4088 547 4140 agere
576 4087 637 4121 cum
679 4078 767 4147 «quia
779 4076 860 4129 semel
873 4077 983 4144 contigit
995 4093 1084 4137 reum;
1103 4094 1188 4147 quum

131 4149 262 4209 adultero.
285 4152 395 4208 &nocr-
413 4151 528 4230 nterea,
547 4171 638 4207 accusa
681 4173 781 4226 «agere
793 4156 875 4226 coepi,
888 4155 959 4227 egi.»
970 4151 1102 4207 Obrecht.
