2626 4816
310 392 730 464 DECLAMATIONES.
754 398 946 463 CCXLVI.
1136 416 1156 483 9

536 610 719 677 SERMO.

173 765 285 850 Quoties
299 768 485 835 finiendum
499 771 576 850 erit,
589 772 734 860 primum
747 771 870 835 intueri
882 768 1063 848 debebitis,
1076 766 1158 856 quid

143 885 246 964 utraque
255 899 329 964 pars
339 877 437 941 velit:
451 874 590 955 deinde,
603 874 638 939 id
648 875 738 966 quod
750 876 837 957 vult,
850 899 951 966 quam
963 875 1157 939 brevissime

142 983 289 1068 complecti.
302 984 413 1067 Quare
428 1000 527 1072 negat
538 1005 706 1047 venenum
720 1004 793 1048 esse
810 983 869 1072 qui
886 1002 948 1071 pro
963 1003 1037 1045 reo¹
1058 978 1160 1045 dicit?

142 1087 270 1170 quianon
291 1088 471 1169 occiderit,
497 1111 607 1177 neque
631 1090 673 1154 sit
698 1089 919 1154 mortiferum.
943 1088 1054 1171 Quare
1079 1084 1159 1151 dicit

141 1212 272 1258 venenum
285 1218 357 1260 esse
376 1195 433 1285 qui
449 1196 602 1260 accusat?
619 1196 779 1284 quoniam
795 1192 1077 1259 medicamentum
1097 1192 1156 1272 sit,

142 1309 163 1356 ct
174 1297 277 1364 efficiat
295 1299 424 1390 aliquid
444 1319 558 1365 contra
578 1318 741 1365 naturam.
763 1302 851 1388 Ergo
870 1322 938 1364 non
959 1315 1009 1364 est
1028 1298 1106 1363 satis
1124 1295 1159 1360 id
1221 1367 1227 1378 ι

140 1401 210 1469 uodo
228 1405 331 1470 videri
355 1420 544 1470 venenum²
573 1405 665 1497 quod
692 1405 845 1471 occidat:
871 1404 930 1471 sed
953 1405 1160 1472 haecomnia

141 1529 234 1575 venena
251 1529 345 1576 sunt:
366 1510 408 1576 ad
424 1529 515 1577 tuam
533 1511 673 1602 quidem
690 1511 878 1576 finitionem
896 1513 995 1576 etiam
1009 1510 1159 1575 mortife-

139 1633 187 1675 run
195 1616 276 1680 istud
290 1618 362 1679 erit.
371 1619 454 1680 Nam
466 1641 570 1706 quum
586 1615 621 1680 id
633 1640 763 1705 ageres,
777 1634 814 1681 ut
827 1615 1032 1695 desererem,
1046 1613 1159 1680 deser-

138 1730 214 1782 torem
225 1743 321 1808 poena
336 1739 505 1809 sequatur,
520 1714 619 1785 etiam
635 1722 670 1787 id
684 1720 776 1810 quod
789 1721 905 1787 deesse
916 1721 995 1786 huic
1007 1720 1158 1786 medica-

85 1818 88 1829 '
136 1823 438 1906 nentovidebatur3,
452 1825 623 1917 adjiceres.

85 1988 88 2061 ;
450 1975 805 2044 nuotuuurro.

85 2074 88 2137 d
167 2135 326 2208 Veneficii
341 2163 476 2209 accuso.
492 2137 698 2236 Veneficam
717 2136 810 2227 dico,
827 2164 904 2236 quae
919 2163 1079 2236 soporem
1095 2136 1158 2208 dc-

85 2264 87 2279 '
134 2245 176 2329 dit
190 2251 288 2324 Unde
308 2252 373 2324 tibi
390 2252 427 2324 iu
445 2253 508 2325 hos
526 2281 608 2331 usus
629 2251 786 2325 venena?
803 2252 939 2325 notiora
959 2273 1041 2325 sunt
1060 2279 1157 2349 quae-

131 2359 193 2435 dam
202 2366 370 2464 pernicie,
387 2388 420 2438 et
432 2369 670 2466 experimento
685 2365 1107 2466 deprehenduntur,adco
1119 2384 1160 2439 ut

130 2475 223 2579 dique
230 2482 369 2581 publice
380 2485 515 2556 dentur.
528 2487 604 2555 Hoc
613 2484 699 2583 quid
713 2505 778 2572 est,
792 2486 887 2583 quod
895 2505 933 2556 tu
940 2485 989 2555 vis
996 2483 1109 2555 vocari
1121 2483 1157 2553 in

129 2596 463 2696 tempus‘tvenenum,
477 2626 661 2699 quomens
676 2601 845 2686 aufertur,
860 2626 930 2698 quo
946 2625 1070 2696 corpus
1085 2624 1159 2695 gra·

85 2706 90 2871 Ι
129 2733 221 2805 ratur,
236 2737 306 2814 quo
321 2717 482 2790 membra
496 2716 701 2790 solvuntur?
717 2717 814 2814 Saepe
830 2716 866 2786 in
884 2715 1011 2787 scelere
1024 2714 1158 2787 virtutis

130 2848 166 2898 cst
180 2856 273 2902 nosse
290 2832 416 2905 veneni
432 2833 598 2924 modum,
616 2860 656 2904 eo
678 2831 788 2930 magis
806 2831 902 2930 quod
921 2829 1081 2901 videmus
1100 2857 1159 2902 eo-

129 2939 172 3034 pia
190 2965 357 3034 constare,
379 2946 475 3046 quod
499 2965 775 3044 temperamento
797 2944 971 3043 quodam,
996 2963 1036 3014 ut
1054 2963 1161 3014 stetur

130 3054 355 3133 citra-mortem
368 3061 393 3132 ⁵.
417 3063 452 3134 Si
475 3063 554 3162 quis
578 3087 741 3134 accusare
762 3083 795 3132 tc
814 3059 976 3133 veneficii
998 3057 1160 3132 voluisset

85 3214 89 3327 d
157 3271 174 3304 ¹·
193 3259 242 3329 Qui
263 3280 310 3332 pm
330 3282 380 3314 reo.
399 3265 485 3335 Lege,
500 3281 548 3335 pro
568 3281 610 3314 rea
651 3260 806 3333 Respondet
814 3250 880 3312 'dein
897 3261 955 3331 ipse
968 3257 1035 3310 sibi:
1050 3260 1077 3310 in
1092 3269 1159 3308 tem-

85 3330 89 3391 Γ
130 3331 225 3389 ⁶³⁰⁸0V·
648 3362 698 3414 pus
718 3361 846 3394 venenum
867 3352 911 3395 est.
932 3341 1053 3392 Gronov.
1071 3338 1158 3408 Lege,

85 3408 89 3445 ¹
156 3432 175 3466 ².
188 3418 272 3471 theri
280 3440 418 3474 venenum.
431 3423 513 3495 Lege,
526 3423 611 3476 videre
652 3421 701 3472 boc
710 3423 833 3495 quidest,
844 3419 915 3492 quod
925 3429 953 3470 tu
962 3437 1016 3471 non
1027 3418 1064 3468 vis
1073 3418 1161 3468 vocari

130 3509 155 3541 on
163 3497 201 3562 sit,
211 3517 352 3567 venenum,
361 3520 388 3573 q.
399 3520 423 3553 ο.
435 3503 478 3552 sed
485 3514 510 3552 et
519 3501 568 3553 boc
575 3519 611 3553 an
652 3501 798 3550 vencnum?
813 3499 841 3550 in
854 3510 954 3570 tempus
965 3513 1093 3547 venenum
1111 3505 1156 3547 est.

130 3579 216 3630 omnino
229 3598 357 3633 vencnum
374 3584 414 3633 sit.
433 3583 541 3634 Scuunr.
655 3578 765 3631 Souuur.

155 3651 175 3704 3.
185 3656 317 3729 Adiceres.
330 3659 414 3731 Lege,
431 3659 557 3730 acij‘eeisti,
571 3659 614 3713 vel
690 3656 715 3709 5.
731 3657 764 3708 Ut
771 3667 852 3708 stetur
863 3656 928 3706 citra
937 3665 1056 3707 mortem.
1065 3656 1159 3719 Forte,

129 3727 190 3797 adjici
200 3735 278 3801 uides,
297 3736 422 3809 intelligit
440 3751 529 3790 antem
541 3757 611 3790 mor·
651 3748 774 3809 Justetur.
790 3739 922 3789 Lurtutos.
941 3737 977 3788 Ut
989 3736 1065 3788 detur
1078 3737 1159 3803 citra,

128 3815 176 3858 itm.
185 3811 289 3865 Sourta.
651 3818 778 3872 Obrecht.
793 3818 895 3871 Ludov.
910 3817 1048 3872 d‘Orlcans
1060 3817 1094 3870 ad
1109 3820 1160 3869 Ta·

85 3948 87 3955 Ι
154 3884 175 3950 4.
184 3889 237 3941 Hoc
250 3891 317 3963 quid
330 3903 379 3956 est,
395 3893 466 3965 quod
478 3902 507 3944 tu
518 3897 554 3946 vis
566 3913 611 3946 vo·
651 3901 696 3950 cit.
712 3901 781 3950 Anu.
794 3899 857 3965 ΧΠ,
879 3899 945 3966 525,
966 3899 1045 3972 legit,
1066 3912 1097 3952 ut
1114 3910 1162 3951 stet

85 3968 88 4015 !
127 3967 169 4016 tari
174 3967 199 4020 in
205 3981 313 4043 tempus.
324 3973 462 4046 Distingue
472 3989 498 4027 et
508 3975 608 4027 scribe:
651 3981 693 4031 via
704 3982 767 4032 citra
781 3993 905 4048 mortem,
915 3981 962 4034 sed
973 3999 1065 4033 omnes
1075 3979 1160 4032 credo

126 4042 172 4098 Hoc
186 4053 245 4123 quid
260 4055 316 4106 est?
331 4054 396 4125 quid
409 4067 437 4108 tu
455 4056 493 4108 vis
506 4058 612 4109 vocari?
651 4059 773 4111 frustra:
797 4078 890 4112 sensus
910 4073 964 4124 est:
987 4062 1024 4113 Ut
1045 4060 1101 4128 ejus
1121 4059 1161 4110 vis
