2626 4816
232 411 274 475 aa
486 410 1026 498 n.rtn11Qu1nr1L1au1

231 533 388 624 deferret,
398 561 536 608 necesse
548 536 699 609 babebat
708 537 780 636 pati
791 538 1029 643 conditiqnem
1039 538 1191 610 fortunae
1201 560 1275 628 suaa,
1308 589 1313 667 Ι

232 676 326 720 nunc
339 651 582 748 praescribendi
595 673 733 751 tempus
745 653 848 725 abiit:
862 674 939 724 turn
953 654 1049 725 enim
1061 648 1284 754 praescribere

231 763 396 854 debuisti,
408 765 436 836 si
455 786 607 863 poteras,
621 793 733 865 quum
749 766 882 839 delatus
898 782 968 838 es¹:
983 787 1018 839 et
1032 767 1068 838 in
1081 767 1149 840 boc
1166 768 1274 866 ipsum
1310 811 1313 814 <

228 879 470 980 praescribere,
488 907 532 952 ne
551 881 720 952 deferret:
737 882 965 978 nequeenim
984 881 1055 954 ulla
1072 881 1274 981 prescriptio

229 994 391 1066 inchoata
411 994 544 1094 judicia
568 996 686 1094 peragi
716 1017 827 1088 vetat,
854 1017 887 1069 et
909 996 1066 1069 inchoari
1089 995 1294 1095 aliquando.

229 1111 400 1211 prohibet.
418 1112 518 1184 Actio
535 1112 606 1204 isti,
623 1112 680 1183 cui
703 1113 908 1211 praescribis,
932 1113 1011 1184 data
1027 1134 1099 1186 est:
1123 1141 1188 1186 nec
1204 1113 1275 1185 data

229 1226 371 1316 solum,
398 1253 518 1299 verum
549 1229 655 1301 etiam
684 1228 860 1301 inchoata.
888 1230 1041 1302 Invicem
1070 1221 1119 1302 rei
1145 1229 1273 1302 fuistis:
1312 1289 1313 1296 ,

230 1341 317 1438 quid
342 1341 461 1414 enirn?
485 1366 524 1415 tu
542 1343 685 1415 initium
703 1364 803 1442 putas
824 1344 986 1434 actionis,
1012 1372 1125 1443 quum
1146 1344 1275 1445 judices
1312 1345 1313 1348 ’

230 1457 469 1549 consederint,
484 1486 598 1558 quum
613 1458 657 1530 ad
671 1458 862 1531 dicendum
879 1460 1062 1532 surrexerit
1075 1457 1210 1531 orator?
1223 1456 1275 1531 mi·
1304 1517 1313 1552 3,

230 1572 348 1646 nime?
368 1574 442 1646 baec
465 1575 562 1645 euim
585 1594 624 1646 tu
641 1574 774 1646 fecisti²
793 1575 955 1647 felicitate
972 1575 1136 1666 actionis;
1155 1595 1190 1647 et
1210 1573 1273 1662 lex,
1304 1561 1312 1640 s

230 1714 307 1787 quae
331 1688 567 1787 ignominioso
585 1718 658 1765 non
676 1690 772 1763 dedit
792 1690 984 1781 actionem,
1006 1691 1074 1763 boc
1097 1689 1273 1789 spectavit,

230 1831 274 1875 ne
291 1805 438 1877 omnino
453 1806 489 1876 in
502 1832 642 1878 causam
657 1805 830 1878 educendi
842 1826 1048 1904 potestatem
1064 1804 1224 1895 haberet,
1237 1829 1274 1875 ne
1310 1881 1312 1884 Α

230 1948 330 1992 reum
354 1922 530 2012 faciendi,
554 1950 599 1995 ne
617 1923 653 1992 in
677 1921 874 2023 periculum
892 1921 1128 2021 perducendi:
1156 1946 1232 2020 quae
1252 1917 1276 1990 oi
1310 1917 1311 1920 '

230 2038 351 2111 omnia
370 2038 448 2140 jam
470 2041 675 2131 factasunt,
693 2060 833 2138 tempus
850 2039 1118 2139 praescriptionis
1136 2026 1275 2112 transiit.
1309 2063 1310 2066 ¹

229 2152 370 2224 Accedit
387 2153 499 2242 aliud,
520 2155 615 2250 quod
630 2153 864 2252 quaerendum
884 2174 951 2244 est,
969 2157 1222 2251 IGNOMINIOSQ
1236 2169 1278 2224 nr
1311 2207 1313 2236 ,

228 2289 306 2358 Qun
321 2288 433 2344 terto
449 2270 662 2371 injuriarum
680 2297 824 2360 earum,
843 2297 919 2368 quae
940 2271 1037 2343 factae
1054 2270 1145 2360 sint,
1167 2289 1278 2369 postea
1307 2301 1311 2306 ·

229 2411 338 2484 quarn
355 2385 612 2483 ignominiosus
634 2412 707 2457 esse
729 2387 842 2484 coepit.
864 2385 959 2479 Fecit
973 2384 1142 2485 iujuriam
1161 2381 1277 2482 aliquis
1300 2392 1308 2463 ζ

230 2501 278 2591 ei,
302 2501 382 2573 fecit
402 2502 531 2574 frustra
547 2501 801 2601 ignominioso:
820 2501 957 2573 videtur
975 2501 1094 2573 minus
1109 2525 1276 2599 peccasse,
1296 2509 1313 2598 ‘J

229 2642 337 2716 quarn
352 2617 381 2688 si
396 2617 552 2718 aliquem
568 2619 697 2708 civem,
719 2618 776 2689 cui
792 2618 928 2716 integer
941 2638 1047 2690 status
1064 2637 1170 2709 esset,
1183 2602 1285 2688 laesis·¹
1300 2630 1311 2681 ’.

228 2753 299 2803 set:
315 2732 411 2804 hunc
427 2755 674 2833 contemptum
692 2734 813 2831 ntique
828 2731 945 2805 noluit
959 2729 1218 2803 damnationis³
1231 2729 1277 2802 lor

229 2874 318 2936 esse,
341 2847 410 2918 nisi
423 2869 500 2945 post
512 2846 791 2918 damnationem.
808 2847 885 2917 Hoc
899 2865 1035 2935 autern,
1052 2845 1094 2917 de
1110 2873 1182 2942 quo
1195 2870 1277 2945 quae·

229 2961 330 3050 ritur,
348 2961 545 3032 confitearis
562 2981 737 3060 oporteat,
760 2980 878 3032 actum
894 2987 966 3033 esse
983 2982 1063 3034 ante
1081 2959 1276 3055 damnatio-

230 3102 338 3149 nem:
364 3097 436 3148 tam
462 3076 698 3175 ignominioso
722 3077 836 3148 noluit
861 3104 933 3149 esse
957 3078 1150 3167 actionem,
1177 3100 1276 3177 quam

231 3193 436 3292 ignominiae
447 3192 658 3266 vindictam:
673 3213 712 3265 ut
722 3192 749 3264 si
756 3193 816 3293 jus
829 3191 971 3264 emendi
985 3194 1182 3265 auferretur
1193 3192 1278 3265 dam·

231 3331 335 3396 nato,
360 3328 546 3380 manerent
570 3328 690 3379 tamen
717 3334 777 3395 ea,
805 3333 883 3405 quae
910 3307 1068 3397 emisset,
1092 3327 1279 3406 antequam

232 3425 469 3496 damnaretur.
492 3426 584 3519 Ergo
601 3450 673 3514 non
689 3443 846 3520 tempore
860 3422 1071 3521 praescribis,
1091 3447 1158 3494 nec
1172 3421 1287 3521 perire

231 3567 272 3612 ea
289 3567 392 3611 causa
416 3560 548 3639 potest,
574 3537 674 3638 cujus
698 3538 795 3636 origo
819 3558 897 3609 ante
920 3538 1186 3609 damnationem
1212 3555 1293 3609 est·-

231 3655 304 3728 haec
319 3654 472 3727 dicerem
487 3645 700 3753 cuicumque
715 3648 799 3725 etin
814 3654 1038 3752 quacumque
1053 3652 1200 3723 actione.
1215 3653 1306 3722 Te-

253 3881 256 3889 ¹
269 3915 290 3948 1.
304 3895 414 3948 Delatus
425 3914 465 3948 es:
478 3898 543 3947 etin
557 3894 613 3947 too.
628 3892 737 3948 Delatus
779 3905 808 3945 tu
818 3895 899 3966 apisci.
908 3893 966 3945 Seu.
975 3892 1152 3944 -Felico'tate
1165 3881 1304 3945 actionis

229 3997 267 4043 es,
278 3975 341 4027 etin
354 3973 417 4036 boc;
429 3987 455 4025 et
466 3987 574 4045 postea,
588 3985 670 4040 vetut,
680 3986 705 4025 et
716 3975 739 4027 si
777 3974 855 4042 Lege,
858 3972 990 4043 felicitate
996 3972 1078 4037 sortis,
1084 3970 1126 4046 vel
1133 3963 1283 4024 sarritioni
1288 3972 1309 4007 ⁵

232 4052 358 4108 inchoari.
370 4054 444 4105 Prrn.
814 4052 839 4103 3.
853 4052 947 4123 Utique
954 4050 1137 4103 detruncationis.
1145 4051 1252 4120 Lege,u
1263 4051 1305 4094 ⁶²

268 4155 292 4189 a.
304 4135 370 4191 Huc
384 4137 455 4189 enim
467 4147 496 4191 ou
500 4133 592 4208 fecisti
595 4134 658 4210 ..Sic
667 4136 739 4189 enim
779 4153 829 4205 que
841 4133 979 4187 damnatis.
992 4133 1077 4188 Grion.
