2626 4816
344 300 762 369 DECLAMATIONES.
786 303 951 369 CCXLV.
1152 322 1171 387 7
1237 330 1241 338 ·

471 514 825 582 DECLAMATIO.

191 670 398 769 Depositum,
416 698 485 768 quo
503 692 660 770 tempore
674 671 794 771 'petisti
810 671 1004 743 luxuriosus
1024 670 1172 763 ¹adhuc,

156 781 356 858 siooluisses²
372 786 550 876 confiteri,
568 785 712 859 timeres
723 787 931 886 pecuniam:
951 787 1111 858 noudum
1125 808 1177 859 ta·

155 923 216 971 men
230 901 431 974 debebatur.
451 905 532 975 Non
547 903 649 975 estin
666 903 830 1003 depositis
843 902 992 1002 simplex
1004 903 1175 1002 conditio:

154 1011 312 1112 deponitur
324 1017 473 1118 aliquid,
489 1018 589 1117 quod·
596 1019 898 1119 quandocumque·
906 1019 1088 1118 repetitur,
1103 1019 1178 1090 red·

153 1126 284 1205 tiendum
296 1154 359 1205 cst:
370 1133 560 1232 deponitur
569 1134 704 1232 aliquid
715 1134 750 1205 in
759 1132 1177 1234 tempus.Hocquomodo

152 1239 324 1343 depositum
344 1246 433 1319 erat?
451 1269 491 1320 ut
507 1250 695 1349 acciperes,
712 1276 825 1349 quum
840 1247 1007 1351 luxuriari
1023 1247 1177 1319 desisses.

150 1356 213 1447 Quo
226 1383 381 1462 tempore
396 1365 589 1464 repetebas,
605 1363 960 1441 adhucluxuriabaris
971 1391 979 1436 :
991 1391 1064 1436 non
1076 1363 1179 1435 debe·

150 1475 641 1581 baturergo,neopotestvideri
652 1480 1179 1578 inficiatum‚quodeotempore

149 1596 280 1691 negavit,
304 1624 374 1695 quo
396 1596 446 1668 illi
464 1598 657 1696 extorqueri
681 1625 755 1671 non
774 1617 888 1696 posset
910 1595 964 1666 vel
987 1593 1178 1667 confitenti.

148 1707 246 1797 Quare
259 1732 380 1783 tamen
395 1740 521 1812 negare
540 1713 683 1803 maluit,
705 1741 812 1813 quam
826 1713 893 1785 hoc
904 1713 985 1813 jure
1002 1710 1077 1782 uti?
1093 1737 1182 1810 quo-

145 1821 223 1894 niam
232 1845 265 1897 te
275 1825 493 1899 luxuriosum
503 1855 580 1927 spes
590 1828 707 1899 adhuc
716 1826 873 1926 pecuniae
882 1824 1041 1897 faciebat.
1050 1826 1180 1895 Annon

143 1938 1181 2044 hocest,quodtefeceritfrugi?Didicistitibipecuniam3....
1281 2000 1284 2006 .

140 2057 286 2131 etlobore
297 2061 513 2134 servandam.
526 2064 571 2133 At
583 2060 785 2133 mehercule
799 2087 933 2152 vereor,
944 2087 988 2131 ne
1003 2059 1070 2131 cito
1081 2057 1184 2131 obtu-

137 2171 214 2244 lerit.
242 2174 326 2247 Sine
348 2175 456 2247 dubio
481 2198 519 2247 tu
543 2175 735 2248 discussam
759 2175 934 2246 luxuriam
962 2173 1013 2245 vis
1037 2173 1183 2273 probare

133 2286 284 2379 avaritia,
309 2309 342 2360 et
364 2289 437 2360 haec
462 2289 536 2390 ipsa
558 2289 769 2388 accipiendae
789 2287 948 2389 pecuniae
967 2289 1079 2359 fames
1100 2285 1185 2357 alias

132 2404 300 2478 videretur
319 2398 465 2506 prodere
482 2407 701 2507 cupiditates.
723 2406 810 2495 Satis
828 2427 900 2479 erat
914 2405 1053 2478 homini
1071 2402 1184 2502 frugi,

131 2519 224 2615 quod
241 2520 413 2621 accepisti.
432 2524 556 2620 ltaque
572 2543 605 2594 ct
620 2521 703 2594 alias
719 2548 861 2629 quoque
876 2519 1092 2593 conditiones
1107 2520 1185 2589 fru-

128 2632 261 2729 galitati
276 2655 343 2706 tuae
356 2635 454 2734 ponit
467 2636 602 2707 amicus
616 2656 800 2733 paternus,
815 2635 843 2704 si
853 2634 991 2723 vixeris,
1005 2633 1186 2730 quomodo

127 2747 253 2818 videris
264 2749 401 2840 fecisse,
415 2750 443 2822 si
454 2749 595 2822 tenendi
610 2749 726 2848 potius
738 2747 958 2846 patrimonii,
974 2773 1082 2845 quam
1093 2747 1186 2817 aufe·

127 2862 230 2933 rendi
248 2863 412 2937 habueris
431 2893 569 2954 curam,
592 2885 641 2936 est
661 2862 778 2935 adhuc
795 2862 890 2962 quod
913 2862 975 2934 tihi
997 2859 1104 2960 possit
1123 2860 1187 2932 tri-

127 2979 236 3048 buere
247 2979 500 3076 patrimonium
509 2999 693 3078 paternum
707 3005 714 3049 :
731 2978 791 3050 sed
801 2974 941 3049 adhuct
956 2975 1185 3048 habetsuum.

170 3182 191 3215 r.
219 3165 380 3219 Luxuriosus
412 3165 506 3219 adhuc.
540 3167 634 3234 Forte,
678 3164 801 3217 vandum.
823 3166 909 3217 Boou.
925 3193 959 3203 -
974 3163 1016 3215 Tu
1037 3163 1185 3215 discussam.

126 3243 217 3294 adhuc
228 3262 290 3297 eras.
304 3245 414 3296 Scirum.
678 3243 759 3313 Quod
768 3245 859 3316 recepi
870 3262 901 3295 ex
909 3243 966 3315 Bip.
975 3260 1025 3313 pro
1036 3253 1060 3295 te
1067 3241 1127 3293 disc.
1137 3244 1184 3293 En.

169 3341 192 3374 2.
208 3323 239 3375 Si
254 3322 385 3376 noluisses.
402 3326 485 3395 Lege,
503 3324 525 3375 si
543 3323 637 3376 voluis·
713 3322 1187 3396 4.Habetsuum.Suspectahaecsunt

127 3420 183 3454 sem
199 3399 319 3474 confiteri
337 3401 428 3454 habere
437 3421 479 3453 me
488 3402 636 3474 pecuniam.
679 3402 853 3473 Schultingio.
866 3405 947 3454 Forte
958 3401 1032 3453 habes
1046 3414 1117 3453 totum
1125 3438 1133 3465 ,
1147 3401 1189 3450 ni-
1278 3392 1288 3413 ⁸

128 3485 242 3536 Scirum
677 3483 791 3547 mirum,
815 3481 889 3552 quod
908 3480 1002 3533 labore
1030 3480 1187 3551 quaesivisti,

169 3566 194 3616 3.
206 3565 264 3616 Tibi
274 3567 423 3635 pecuniam.
432 3567 526 3632 Forte,
537 3565 583 3616 tibi
592 3584 637 3637 pe·
677 3581 739 3613 nam
754 3574 780 3613 et
796 3561 850 3613 hoc
864 3563 1053 3632 patrimonium
1068 3558 1121 3611 dici
1138 3559 1188 3610 do-

131 3643 241 3695 cuniam
259 3644 426 3715 quoerendam
441 3642 527 3696 labore
547 3654 573 3694 et
587 3661 639 3694 ser·
679 3645 732 3694 cuit
744 3642 836 3695 Munlr.
848 3641 883 3695 ad
894 3644 989 3713 Hygia.
1002 3640 1058 3693 fab.
1073 3639 1132 3710 194.
