2626 4816
35 335 51 352 ’
133 381 227 465 481
352 366 923 461 'umeuoommmtur

131 501 317 590 discutere,
333 520 506 601 quantum
522 498 560 569 in
576 498 651 595 ipso
666 517 754 587 crat,
773 496 893 568 voluit.
906 495 1031 568 Nescio
1046 522 1093 568 an
1106 495 1179 596 plus

131 617 335 704 debeamus,
353 614 381 685 si
397 613 441 684 ad
463 611 638 684 indicium
655 638 728 682 non
746 611 846 683 certis
867 611 1092 709 argumentis<
1103 637 1179 709 per-

132 732 256 804 ductus
271 730 334 801 sit:
356 728 486 800 namsi
508 727 690 799 manifesta
706 726 901 816 detulisset3
916 726 945 797 si
964 752 1021 816 ea,
1041 726 1085 797 de
1105 726 1179 824 qui·

130 847 196 919 bus
218 846 379 918 dubitare
400 870 505 915 nemo
529 865 690 927 nostrum
715 862 843 943 posset,
869 842 1064 913 crederetur
1086 841 1179 939 cupi·

131 963 237 1034 ditate
253 960 421 1032 manendi
439 960 475 1031 in
497 959 632 1032 civitate
655 959 788 1030 fecisse.
802 956 931 1030 Solam
955 958 1122 1056 pietatem
1147 957 1179 1026 in

47 1115 49 1119 ¹
130 1106 233 1153 causa
251 1076 372 1148 indicii
389 1075 529 1166 habuit,
544 1075 605 1173 qui
622 1075 660 1146 in
676 1075 801 1147 urbem
818 1074 942 1146 detulit
955 1074 1072 1165 litem,
1090 1095 1124 1145 et
1144 1073 1179 1144 li-

130 1215 203 1265 tem
222 1193 406 1294 injustam¹
429 1191 649 1264 conditione:
667 1191 826 1263 etaltera
843 1212 937 1290 parte
950 1190 1061 1281 solus,
1075 1211 1109 1261 et
1124 1217 1179 1261 ex-

38 1359 51 1400 .'
129 1309 203 1400 sul,
217 1308 425 1399 damnatus;
443 1335 482 1380 ex
499 1308 605 1380 altera
620 1329 716 1407 parte
729 1308 836 1380 homo
843 1318 988 1407 potens,
1004 1307 1179 1406 gratiosus

128 1426 267 1498 Omnes
284 1425 346 1498 ista
362 1425 548 1524 diligenter
563 1425 782 1525 perpendite:
801 1423 1002 1522 intelligetis
1021 1450 1094 1495 non
1113 1450 1179 1496 esse

129 1539 438 1639 sententiaspares.
455 1539 555 1633 Quid
577 1560 627 1612 est
643 1538 770 1638 igitur?
794 1566 857 1637 ego
879 1538 983 1610 etiam
1005 1538 1068 1636 pro
1091 1538 1179 1636 ipso¹

82 1719 85 1726 .
129 1655 191 1754 qui
201 1654 380 1729 absolutus
394 1678 461 1746 est,
473 1683 548 1746 reo,
560 1655 718 1728 existimo
737 1681 808 1727 esse
822 1682 963 1727 manere
975 1655 1072 1725 hunc
1086 1655 1124 1724 in
1138 1656 1179 1726 ci-

128 1771 250 1843 vitate?
266 1771 358 1844 Illud
372 1771 487 1844 dicere
502 1800 565 1871 pro
578 1772 757 1871 republica
767 1771 847 1844 satis
860 1792 947 1862 erat,
958 1769 1135 1843 habemus
1147 1771 1179 1842 in

48 1949 52 1953 .
129 1885 261 1959 civitate
279 1888 471 1959 custodem.
492 1888 641 1984 Inquirit
656 1887 788 1959 adbuc:
811 1887 953 1960 forsitan
971 1885 1094 1959 omnia
1111 1907 1179 1957 tam

128 1999 245 2072 videre
260 2028 333 2073 nou
355 2001 469 2100 potuit
490 2003 601 2092 exsul,
619 2029 693 2073 non
710 2001 832 2074 omnia
849 2022 923 2074 tam
940 1999 1030 2072 clare
1052 2001 1179 2101 perspi·

129 2141 225 2187 cere:
241 2116 307 2188 hoc
323 2115 454 2188 visuri²
470 2143 533 2215 pro
551 2110 718 2213 opinione
736 2115 827 2215 ejus,
843 2116 905 2215 qui
917 2115 1099 2187 absolutus
1117 2136 1179 2206 est²

129 2257 202 2300 non
226 2230 417 2321 timebitur,
441 2231 613 2330 quamdiu
631 2230 688 2301 hic
707 2230 811 2303 fuerit
837 2231 873 2302 in
898 2230 1043 2302 civitate.
1068 2233 1179 2302 lmmt

129 2342 270 2417 hercule
287 2345 316 2417 si
334 2346 502 2418 mentitus
519 2367 585 2435 est,
603 2345 631 2417 si
647 2345 768 2436 fictum
785 2344 910 2416 detulit
928 2343 1082 2431 crimen;
1104 2344 1179 2415 satit

129 2457 263 2558 alioqui
284 2457 426 2531 daturus
444 2481 492 2536 est
510 2485 692 2558 poenarum
712 2458 802 2531 iuter
820 2458 981 2530 inimicos
1001 2479 1179 2557 potentes

129 2594 163 2646 et
176 2574 339 2647 inimicos
354 2575 528 2674 gratiosos.

563 2783 747 2848 SERMO.

172 2944 293 3007 Totam
311 2959 424 3006 autent
443 2941 593 3005 existimo
613 2939 873 3006 commodiorem
893 2963 965 3011 esse
982 2957 1113 3029 partem
1132 2938 1179 3004 di·

128 3070 275 3112 versam:
294 3045 418 3112 suadeo
433 3044 501 3126 his,
522 3046 581 3136 qui
596 3044 716 3111 dicturi
733 3061 827 3125 sunt,
844 3047 879 3110 in
895 3045 985 3111 illam
1001 3047 1114 3135 potius
1131 3047 1179 3110 iu·

128 3153 295 3219 cumbunt.

168 3347 189 3381 1.
203 3329 340 3401 Injustam.
354 3330 457 3401 lnjusta
471 3328 634 3394 conditione,
713 3345 736 3380 a.
750 3329 810 3381 Hoc
825 3320 913 3382 visuri.
927 3330 987 3382 Hoc
1002 3330 1080 3382 usuri.
1098 3331 1179 3382 Porro

128 3408 157 3461 id
174 3422 230 3475 est,
248 3410 344 3483 qmvi5
361 3424 391 3462 ut
411 3410 523 3483 injussus
535 3409 633 3482 fascis,
675 3412 922 3484 oppressioncscjus,
933 3429 993 3482 pa.
1004 3431 1026 3462 c.
1038 3429 1093 3464 non
1105 3411 1179 3462 time·

129 3491 221 3562 virgil.
234 3489 331 3564 Georg.
345 3492 394 3559 ΙΙΙ,
405 3491 467 3563 347.
480 3490 590 3544 Senum.
676 3489 747 3558 bitis,
760 3509 786 3564 q.
800 3490 841 3556 lu,
856 3505 906 3544 etc.
920 3491 1030 3552 Sourta
