2626 4816
262 385 867 456 nncuurufflouascourv.
1052 387 1093 470 rt

66 535 213 582 remanere
226 515 394 605 potuisse:
411 536 454 578 an
467 512 677 602 rogationem
695 510 782 576 ferre
801 523 954 599 oporteat
970 506 1014 576 ed
1028 509 1093 576 siu·

56 615 1094 711 gurlospertinentem,ancontralegem:anhaecrogatioeontra
1146 665 1151 673 .
1252 672 1255 679 .

48 721 148 819 legem
160 730 218 811 sit,
235 753 278 794 au
294 727 455 793 meruerit
469 725 526 790 ille
541 745 725 790 remanere.

390 918 739 985 DECLAMATIO.

93 1072 126 1145 si
137 1070 551 1145 autminusverecundus
561 1068 697 1159 essetis,
707 1096 814 1172 quem
824 1071 1094 1172 rogationemea

17 1188 185 1261 retinere
202 1188 240 1261 in
256 1186 389 1259 civitate
402 1185 586 1276 constitui,
600 1205 663 1257 aut
671 1184 808 1291 judicia
822 1188 959 1263 felicius
975 1215 1096 1289 exper-

19 1315 113 1394 tus;
128 1305 220 1378 nihil
236 1303 424 1395 concione,
441 1302 534 1375 nihil
549 1302 743 1402 conscripto
761 1330 858 1396 meo,
877 1304 969 1378 nihil
993 1305 1095 1378 deni·

17 1440 108 1518 que
130 1449 236 1521 opera
256 1419 446 1520 rogationis
467 1446 555 1521 opus
579 1439 691 1492 esset:
718 1421 834 1521 prima
850 1421 959 1522 igitur
978 1449 1094 1496 carere

16 1527 104 1612 hac
123 1538 255 1612 invidia
275 1539 328 1611 vel
348 1558 488 1637 propter
507 1537 573 1609 hoc
595 1542 758 1637 possunl,
779 1538 963 1633 Quirites:
986 1566 1093 1611 nemo

28 1655 135 1728 enim
153 1654 339 1728 crediderit
356 1682 414 1727 me
432 1675 592 1754 rogatum
611 1655 655 1726 ab
673 1681 713 1727 eo
733 1654 777 1726 ad
796 1683 855 1729 vos
872 1655 1092 1755 processisse,

36 1769 102 1866 qui
116 1769 124 1839 i
129 1797 204 1869 pse,
218 1791 258 1843 ut
272 1752 472 1861 remaneat,
490 1796 564 1842 non
578 1769 727 1842 laborat:
741 1797 863 1844 verum
877 1770 935 1844 ille
946 1771 1091 1870 quidem

41 1885 180 1975 multas,
197 1907 302 1986 atque
316 1887 451 1959 utinam
471 1885 591 1959 minus
611 1907 786 1987 potentes,
803 1887 910 1989 hujus
924 1886 1092 1987 propositi

51 1998 96 2071 sui
109 2026 224 2074 causas
241 2002 387 2074 haheat:
403 2028 467 2100 ego
481 2022 602 2101 preter
617 2021 755 2093 caetera,
769 2024 912 2103 propter
927 2002 993 2074 hoc
1008 2028 1094 2101 quo·

55 2141 109 2212 que
120 2145 201 2191 eum
215 2118 376 2201 existimo
393 2146 466 2191 esse
483 2118 725 2212 retinendum,
747 2120 843 2220 quod
861 2119 1092 2193 manifestum

57 2230 138 2324 fecit,
157 2233 202 2306 ad
216 2234 391 2307 indicium
407 2235 576 2333 tyranidis
591 2236 756 2308 affectatae
770 2236 922 2327 venisse,
941 2262 1014 2308 non
1036 2260 1094 2306 re-

58 2350 206 2439 manendi
233 2352 436 2452 cupiditate.
475 2353 583 2444 Quod
613 2353 682 2426 nisi
708 2354 984 2440 vetustissimum
1008 2353 1092 2454 jus,

60 2463 211 2558 Quirites,
233 2495 311 2559 eos,
329 2467 392 2568 qui
411 2489 540 2562 secreta
554 2468 599 2540 ad
614 2469 869 2568 rempublicam
883 2466 1095 2568 pertinentia

58 2575 266 2675 indicassent,
284 2611 465 2657 remanere
481 2583 518 2656 in
534 2572 669 2655 civitate
681 2584 858 2685 jussisset3
878 2582 1024 2655 forsitan
1042 2581 1093 2653 di·

57 2697 190 2770 cendum
208 2698 299 2770 mihi
320 2697 515 2770 necessario
535 2696 790 2787 existimarem,
814 2722 884 2795 qua
904 2694 1013 2793 gratia
1034 2694 1092 2765 hic

11 2818 13 2835 '
57 2837 189 2908 pressus,
210 2815 339 2914 quibus
352 2813 548 2888 inimicitiis
564 2813 601 2885 iu
619 2811 780 2887 exsilium
799 2834 886 2887 esset
900 2832 1008 2885 actus.
1024 2810 1093 2884 Sed

56 2930 125 3024 qnid
140 2958 278 3005 neeesse
296 2953 346 3004 est
357 2954 512 3031 repetere
529 2931 619 3021 haec,
640 2956 717 3029 quae
730 2928 880 3002 videtis?
894 2949 928 3002 et
938 2929 1033 3027 quod
1048 2926 1093 3000 ad

56 3043 199 3127 animum
214 3046 361 3147 quidem
375 3048 469 3120 illius
485 3046 653 3146 pertinet,
671 3043 750 3117 satis
762 3045 860 3117 vobis
874 3066 943 3137 est,
958 3066 998 3117 ut
1010 3044 1093 3117 exis·

55 3158 135 3252 tino,
143 3164 424 3264 probatus3quod
434 3189 652 3263 quamquam
661 3163 864 3252 damnatus,
873 3188 1091 3262 quamquam

55 3270 85 3344 in
101 3278 255 3379 exsilium
267 3299 380 3371 actus,
394 3279 595 3379 reipublice
609 3299 728 3352 tamen
751 3305 825 3351 non
845 3278 960 3378 potuit
977 3276 1090 3350 irasci.

54 3386 212 3466 Iudicium
230 3396 405 3494 professus
422 3417 490 3467 est:
508 3394 702 3468 viderimus
717 3420 764 3466 au
783 3420 928 3466 verum:
948 3392 1091 3465 interim

52 3520 154 3580 tanuen
173 3510 265 3582 nihil
290 3537 372 3582 eum
390 3510 528 3585 linxisse
551 3511 781 3583 manifestum
802 3530 872 3601 est,
896 3508 991 3608 quod
1009 3536 1091 3609 per-

54 3622 174 3730 suaderi
190 3646 263 3698 tarn
280 3625 402 3697 multis
423 3626 545 3725 utique
562 3626 724 3725 potuerit.
743 3627 895 3698 Causam
916 3652 986 3722 qua
1008 3651 1093 3697 con·

55 3729 170 3810 ditione
204 3740 330 3811 dixerit
357 3740 570 3829 damnatus,
600 3740 716 3831 exsul,
746 3762 867 3813 eontra
888 3761 1090 3843 potentem,

54 3871 155 3926 contra
168 3855 381 3954 gratiosum,
396 3856 484 3954 quid
499 3883 635 3930 necesse
650 3876 703 3929 est
719 3856 781 3929 diu
799 3851 933 3947 dice'rc,
948 3854 1091 3955 quando

53 3961 76 4033 is
85 3968 185 4044 exitus
193 3971 323 4072 judicii
337 3973 423 4062 fuit,
439 3995 563 4046 utnon
578 3973 696 4073 plures
711 3973 888 4047 sententiae
903 4000 967 4074 pro
979 3972 1092 4045 adver

54 4083 127 4159 sario
141 4088 295 4163 fuerint?
311 4117 384 4164 non
402 4089 499 4164 enim
516 4117 618 4164 causa
633 4090 744 4164 victu's
761 4111 826 4179 est,
846 4089 907 4163 sed
929 4086 1089 4188 legibus,
