2626 4816
333 398 754 469 DECLAMATIONES.
778 400 941 466 CCLHL
1117 404 1159 492 39
1212 488 1217 495 ι

130 548 196 603 autc
223 527 437 601 sacerdotem
463 525 613 617 creavit,
643 551 751 623 quam
774 524 902 599 noluit.
932 526 983 598 Ite
1008 547 1162 600 nuncet

132 642 282 717 excludite
303 668 429 741 mmpo
445 638 588 732 divites,
611 661 646 714 et
661 639 839 739 corrumpi
858 667 954 713 sacra
966 661 1094 732 vetate,
1115 641 1160 714 dc

133 758 246 832 ambitu
265 758 359 856 leges
373 755 603 829 conscribite:
628 754 773 828 comitia
786 775 903 828 nostra
919 756 1041 830 decem
1058 755 1163 828 milii·

134 875 182 947 bus
198 895 292 977 rapta
307 888 410 946 suut¹
434 893 539 972 atque
559 872 740 947 translata:
761 899 871 972 quam
888 895 1049 946 sanctum
1067 873 1168 946 istud.

136 989 343 1063 sacerdotium
357 991 431 1062 iore
445 988 591 1090 putatis,
605 988 701 1090 quod
715 1008 834 1089 stupro
849 987 1016 1062 debetur?

530 1468 740 1547 CCLllI.

404 1700 638 1799 Tyrannicida
652 1697 768 1770 volens
782 1698 870 1769 dedi.

137 1900 280 1967 Induabus
294 1905 491 1965 civitatibus²
505 1903 616 1964 vicinis
629 1903 758 1985 tyranni
772 1912 862 1963 eraut
872 1924 879 1959 ε
891 1901 925 1962 in
938 1900 1050 1976 altera,
1065 1920 1165 1982 quum

164 2004 279 2086 quidam
290 2017 464 2086 tyrannum
476 2002 647 2076 occidisset,
660 2000 737 2061 alter
748 2001 857 2061 vicinae
869 2000 1001 2061 civitatis
1011 2012 1165 2083 tyrannus

145 2145 148 2155 .
162 2102 224 2182 petit
234 2112 306 2162 eum
319 2101 353 2162 in
365 2098 568 2173 deditionem,
578 2097 735 2158 etbellum
745 2099 883 2159 minatus
892 2109 952 2173 est,
965 2097 1025 2159 nisi
1036 2096 1148 2157 darent
1156 2117 1169 2153 :¹

163 2198 212 2261 iert
220 2203 285 2286 ipse
296 2201 511 2282 rogationem,
524 2211 559 2258 ut
571 2197 718 2258 dedatur..
797 2230 800 2237 ·

461 2383 811 2450 DECLAMATIO.

169 2541 209 2614 Ut
229 2571 309 2617 meo
336 2544 483 2617 nomine
509 2571 589 2616 sum
616 2542 737 2632 vobis,
769 2543 947 2633 Quirites,
972 2539 1167 2637 obligatus,

136 2657 207 2750 quod
223 2685 439 2758 quamquam
456 2656 689 2731 necessarium
710 2657 801 2726 etad
822 2654 972 2725 salutem
989 2651 1165 2743 pertinens

137 2768 253 2847 civitatis
273 2775 471 2847 remedium
489 2771 674 2874 praesentis¹
687 2768 838 2860 timoris,
863 2786 1020 2867 respectu
1045 2786 1165 2838 tamen

136 2886 188 2958 uei
202 2889 483 2989 praetermisistis:
504 2888 552 2960 ita
571 2886 681 2987 ipsius
699 2880 902 2986 reipublicae
917 2880 1063 2954 nomine
1081 2880 1168 2954 iras·

161 3097 180 3135 r.
191 3086 299 3140 Comitia
311 3099 387 3160 rapta
403 3096 471 3140 sunt.
486 3087 528 3139 Ita
539 3085 615 3139 Deci.
656 3109 679 3147 e.
691 3108 721 3157 2,
733 3104 790 3143 etc.
803 3089 952 3161 r‚§.3et4,
962 3090 1166 3160 quoiit‚inquit,

134 3157 272 3218 CCLXVIII:
292 3167 433 3240 «Rapiuut
449 3165 534 3218 vmalas
552 3184 617 3218 cau·
656 3175 686 3214 ut
702 3161 896 3215 declamatores
913 3182 945 3214 ea
962 3162 1069 3213 licentia
1086 3175 1166 3212 utan-

136 3259 210 3299 ηοω
656 3256 709 3310 tur,
723 3257 752 3296 ut
764 3264 859 3298 eorum
870 3262 977 3314 semper
988 3244 1024 3294 ita
1040 3245 1072 3294 sit
1087 3261 1166 3294 exor·
1251 3292 1253 3299 ,

158 3343 178 3378 2.
188 3329 219 3379 In
230 3329 328 3383 duabus
338 3329 495 3383 civitatibus.
509 3330 549 3380 De
562 3325 617 3381 hu·
658 3323 747 3378 dium:
769 3327 874 3394 rQuasi
890 3343 999 3385 calisam
1012 3322 1095 3393 judex
1108 3326 1165 3394 jam

130 3402 260 3469 jucemodi
274 3410 437 3479 argumentis
452 3408 488 3459 itu
501 3407 617 3459 institut.
661 3406 802 3471 «noverit,
819 3403 893 3476 quod
912 3416 973 3456 aute
992 3401 1166 3455 declamatio·

132 3479 191 3538 Orat.
199 3486 308 3554 lib.v11,
317 3506 341 3538 o.
351 3504 374 3553 1,
385 3485 407 3558 §
416 3487 445 3554 4:
461 3488 545 3538 «Erat
553 3483 619 3537 mihi
661 3505 743 3538 suem
760 3485 805 3538 illa
819 3485 892 3538 velut
907 3486 996 3554 imago
1012 3483 1065 3535 litis
1082 3502 1164 3555 expo-

132 3581 207 3620 ·curae
219 3569 248 3621 in
262 3569 450 3622 controversiis
467 3567 617 3620 forensibus
661 3569 764 3620 suitur.
782 3566 834 3620 Sed
850 3567 877 3619 in
894 3567 954 3618 foro
971 3584 1080 3638 quoque
1097 3583 1164 3618 con·

131 3661 219 3700 ‘nosse
231 3648 321 3700 omnia
333 3667 391 3720 qun
403 3649 431 3700 in
442 3664 521 3699 causa
533 3664 619 3699 versa·
661 3667 672 3692 u
683 3646 784 3716 tingere
796 3643 868 3698 istud
879 3645 1071 3718 principiorum
1081 3661 1165 3714 genus

131 3740 237 3779 ¹«rentur.
248 3728 318 3780 Nam
329 3728 357 3777 iu
368 3724 460 3779 schola
473 3738 543 3777 certa
556 3738 619 3778 sunt
661 3744 672 3770 s
683 3724 806 3776 secundis
816 3724 966 3778 actionibus
976 3734 1073 3795 potest.
1081 3747 1092 3770 a
1100 3726 1165 3775 Item
1178 3712 1184 3727 ⁸

130 3816 273 3878 ·etpauca‚
284 3819 310 3859 et
322 3819 384 3859 aute
396 3805 618 3857 declamationem
659 3804 768 3871 lib.vl1‚
778 3824 838 3877 cap.
852 3824 881 3871 2,
892 3803 914 3876 §
927 3803 976 3871 54:
993 3806 1109 3855 «Verum
1120 3802 1165 3854 iila

129 3899 309 3956 ¹exponuntur
329 3905 386 3958 quac
409 3881 512 3952 &itemst
533 3884 618 3936 Graeci
661 3887 837 3941 ascholarum
856 3885 1022 3952 consuetudo
1042 3886 1118 3937 ituris
1136 3884 1164 3934 in

128 3982 246 4036 uocant,
255 3970 365 4036 cicero,
372 3967 514 4041 proposita.
524 3969 618 4023 Praeter
662 3991 674 4015 ιι
683 3968 772 4020 forum
781 3979 871 4042 potest
877 3985 986 4033 nocere,
994 3964 1068 4038 quod
1076 3963 1165 4015 omnia

127 4063 196 4116 “quc
217 4047 285 4101 nihil
308 4060 349 4101 est
371 4047 565 4113 diluendum»
589 4058 623 4098 ut
661 4069 742 4123 «φη
763 4052 790 4103 in
813 4048 930 4101 themate
944 4066 1000 4099 non
1016 4057 1095 4111 sunt,
1113 4061 1163 4116 pro

125 4122 169 4178 alio
181 4127 240 4183 loeo
252 4132 291 4184 ait
302 4142 398 4184 auctor
409 4141 509 4197 noster,
517 4128 563 4182 lib.
574 4130 619 4197 lv,
662 4128 762 4183 anobis
776 4128 906 4181 ducimus.
918 4148 930 4176 r
944 4126 1036 4179 AEuon.
