2626 4816
336 327 756 397 DECLAMATIONES.
780 328 949 392 CCXLV.
1150 325 1170 387 5

469 560 822 625 DECLAMATIO.

188 719 268 788 ltane
280 715 406 788 mulier
417 717 563 815 impune
575 718 756 815 peccassit,
769 743 846 816 quae
857 716 1092 794 calamitatem
1107 716 1170 787 viri

126 826 128 831 ’
152 831 192 900 sui
205 859 259 930 pro
274 833 453 904 occasione
470 832 611 904 habuit.
625 888 631 902 .
644 888 670 905 ..
696 831 762 904 bus
782 853 869 923 erat,
891 833 948 904 cui
969 832 1171 933 quinquen-

151 944 231 1017 nium
239 946 337 1019 breve
348 945 550 1018 videbatur:
567 947 699 1046 aequale
709 946 805 1019 enirn
816 947 904 1019 illud
916 947 983 1018 fuit
992 947 1091 1018 adult
1095 1002 1167 1019 .....

151 1062 328 1133 narrabatur
344 1060 442 1162 cujus
456 1062 596 1160 opinio.
609 1118 616 1134 .
629 1129 634 1136 .
647 1119 674 1134 ..
693 1064 780 1134 dum
795 1063 976 1160 frequens,
994 1062 1054 1133 sed
1071 1088 1170 1161 paene

151 1174 331 1247 continuum
353 1203 393 1247 ac
415 1199 624 1276 perpetuum
647 1177 725 1249 fuit.
743 1180 795 1250 Ne
817 1178 895 1276 quis
916 1197 1034 1249 autem
1052 1175 1170 1249 existi-

150 1310 204 1360 met
217 1306 311 1363 cum¹
330 1291 428 1363 adult
439 1348 528 1363 .....
544 1292 651 1364 unius
665 1313 802 1375 tantum
820 1292 1073 1364 vindicandum
1083 1348 1168 1364 .....

149 1401 182 1472 ad
195 1406 385 1505 exemplum
403 1407 506 1478 totius
521 1408 675 1480 civitatis.

148 1695 948 1722 mmwwunvnvwmmmmwwmvwwummsu
953 1703 994 1722 u«
998 1702 1173 1725 &mmmm

535 1921 782 2017 ccxiv„

113 2169 116 2174 ·
141 2148 191 2224 Qut
208 2167 378 2210 nneosrrnsr
398 2169 570 2209 rurrcrarus
591 2170 717 2226 rorare,
736 2170 949 2223 ournnurture
968 2169 1090 2210 sonvsr.
1108 2147 1171 2223 Qui

168 2244 262 2306 filium
280 2246 475 2306 luxuriosum
494 2247 707 2327 relinquebat,
731 2249 898 2330 pecuniam
918 2246 1022 2330 apud²
1042 2247 1171 2307 unicum

167 2344 323 2426 deposuit,
340 2358 370 2405 et
384 2345 546 2406 mondavit
559 2361 594 2406 ut
610 2345 750 2407 redderet
764 2347 939 2408 emendato.
957 2348 1039 2408 Petit
1051 2344 1172 2406 adoles-

166 2464 232 2504 cens
244 2445 426 2527 pecuniam:
440 2444 492 2506 ille
505 2444 717 2528 quadruplum
731 2448 807 2528 petit
813 2441 836 2507 3.

554 2635 736 2700 SERMO.

170 2792 335 2860 ...videtur
346 2792 400 2859 hic
412 2793 606 2861 adolescens
610 2843 663 2857 .....
677 2811 789 2858 tamen
802 2815 898 2882 asper
909 2809 1073 2856 exactor...
1087 2814 1170 2881 quo·

125 2900 211 2964 niam
223 2923 366 2988 persona
378 2899 474 2982 nobis
488 2900 688 2987 proponitur
703 2899 816 2979 amici,
836 2915 869 2964 et
884 2899 1007 2978 amici,
1016 2897 1081 2962 hoc
1097 2897 1178 2986 ipso·
1232 2964 1236 2973 ,

126 3005 245 3097 dequo
257 3007 375 3096 agitur,
388 3006 529 3095 probati.
541 3010 624 3072 Nam
637 3008 681 3072 ita
693 3007 821 3072 facilius
834 3005 1050 3072 ostendemus
1060 3005 1171 3070 omnia

126 3137 200 3177 eum
212 3115 330 3179 fecisse
344 3114 565 3180 adolescentis
582 3116 676 3180 istius
691 3138 803 3196 causa,
821 3115 848 3181 si
864 3139 907 3180 ne
923 3112 1020 3179 reusl
1033 3111 1180 3203 quidem.

125 3243 260 3309 usquam
273 3217 315 3284 ad
329 3217 444 3284 odium
459 3220 678 3308 compellitur.

162 3412 183 3445 t.
196 3395 337 3446 Existimet
351 3394 536 3448 comederit...
549 3399 626 3450 Exis-
667 3396 777 3450 Scribe:
801 3398 896 3449 Reddit
914 3395 1071 3449 adolescenti
1089 3413 1172 3466 pecu-

127 3473 196 3525 timet
212 3493 284 3526 nunc
297 3474 458 3526 adulterium
477 3477 554 3528 unius
570 3488 586 3527 t.
601 3496 625 3528 v.
666 3481 748 3531 niam.
758 3478 811 3531 Ille
819 3477 995 3551 quadruplum
1003 3479 1077 3549 petit.
1086 3477 1173 3528 Giton.-

126 3553 627 3625 pertiaetadex.Sononr.Etsuprabreve
666 3561 749 3632 Lege,
767 3561 834 3632 petit
851 3558 997 3612 adolescens
1016 3558 1154 3629 pecuniam
1160 3576 1171 3622 ,·

128 3650 173 3700 pro
183 3633 252 3684 brevi
261 3635 409 3703 recepimus
419 3653 450 3685 ex
460 3636 565 3705 Bipons.
579 3637 625 3686 En.
667 3638 713 3691 ille
732 3659 749 3690 a
768 3650 880 3710 aequate
900 3635 1079 3711 quadruplum
1096 3635 1170 3707 perit.

161 3732 184 3765 2.
196 3714 340 3766 Pecuniam
347 3714 421 3786 apud
430 3714 541 3765 unicum
550 3715 627 3787 depo·
668 3718 777 3769 Souara
789 3718 881 3783 Forte,
891 3716 959 3787 petit
971 3714 1117 3767 adolescens
1126 3732 1173 3784 pe·

128 3797 183 3847 ruit.
196 3795 302 3848 Scribe:
315 3795 393 3867 apud
401 3795 525 3848 amicum.
546 3798 624 3848 Mox:
667 3798 787 3847 cuniam:
797 3792 1172 3867 inficiatur,illequadruplum

127 3891 231 3942 persona
257 3874 330 3927 nobis
352 3875 511 3945 proponitur
538 3876 626 3928 amici.
666 3874 742 3944 petit.

129 3953 242 4008 Guorrov.
255 3958 294 4007 lta
308 3968 335 4007 et
350 3955 452 4009 Schult.
466 3960 626 4027 conjecerat.
703 3955 766 4022 4.ἒί
777 3958 1013 4019 nereus.Forte,et
1022 3952 1057 4004 sic
1067 3967 1171 4003 nereus.

161 4035 184 4086 ὃ.
211 4035 285 4086 Petit
309 4033 455 4088 adolescens
477 4037 626 4109 pecuniam.
668 4038 777 4090 Senum
