2656 4822
292 383 716 450 DECLAMATIONES.
746 385 867 449 CCLI.
1066 385 1104 449 31

49 533 137 606 quos
150 507 340 580 necessitas
355 507 505 605 pertinet
521 506 745 604 nuptiarum,
759 507 850 578 nihil
867 507 929 578 ista
944 506 1017 580 lex:
1034 532 1107 578 non

49 625 163 723 magis
179 624 277 696 enim
291 624 474 722 repudiare
487 623 582 712 licet,
594 650 702 721 quam
716 652 788 696 non
804 625 957 695 nubere¹
977 623 1108 696 liceret.

52 742 146 812 Duas
160 741 258 812 enim
270 767 388 841 poenas
403 740 565 812 adversus
582 762 731 838 raptores
750 741 966 813 constituisse
982 741 1036 811 lex
1054 740 1109 811 vi·

55 853 170 943 detur,
195 854 338 926 alteram
365 852 507 942 mortis,
529 851 671 924 alteram
696 853 918 951 nuptiarum;
945 852 1110 924 leviorem

56 967 162 1056 hanc,
176 989 208 1040 et
223 968 398 1039 beneficio
417 967 619 1071 popiorem3
640 987 675 1039 et
691 989 810 1039 tamen
823 968 923 1039 illam
943 995 1016 1039 non
1033 967 1108 1038 sine

58 1085 261 1157 necessitate.
288 1083 396 1175 Quod
412 1084 439 1155 si
458 1083 533 1184 lege
556 1105 628 1156 non
647 1082 859 1175 defenderis,
877 1086 1031 1184 profecto
1050 1083 1108 1154 in-

55 1199 184 1299 justum
206 1200 395 1273 divortium
413 1219 484 1271 cst:
503 1199 563 1272 sed
581 1199 758 1297 fingamus
774 1220 806 1271 te
823 1199 899 1298 lege
916 1197 1107 1271 ²defendi:

60 1314 185 1414 reliqua
198 1315 273 1388 haec
288 1315 332 1386 sit
345 1298 509 1413 questio,
522 1341 567 1385 an
578 1314 689 1386 facere
702 1313 874 1386 debueris.
891 1313 1108 1391 Beneficium

60 1451 88 1502 te
102 1433 271 1532 accepisse
287 1456 469 1504 summum
483 1430 709 1503 manifestum
723 1450 789 1502 est:
805 1431 912 1503 vitam
930 1431 993 1502 tibi
1012 1432 1110 1505 dedit

60 1544 147 1635 laesa,
164 1545 263 1618 dedit
282 1546 391 1619 vitam
403 1546 497 1653 juste
513 1545 617 1636 irata,
639 1544 736 1617 dedit
752 1545 858 1617 vitam
872 1545 1024 1644 perituro
1046 1574 1109 1646 per

60 1661 239 1764 supplicia,
252 1689 315 1762 per
327 1662 494 1734 dedecus:
510 1689 573 1760 pro
588 1658 644 1732 his
657 1661 747 1732 nihil
761 1689 832 1732 non
846 1661 999 1764 praestari
1010 1691 1109 1760 opor-

59 1794 135 1846 teret
148 1776 247 1848 uxori
265 1804 272 1846 :
296 1776 383 1874 quid
401 1775 497 1847 aliud
514 1775 641 1874 exegit,
659 1802 767 1873 quam
784 1797 823 1849 ut
837 1803 924 1847 uxor
941 1777 1048 1848 esset?
1063 1779 1108 1849 At

60 1890 145 1960 enim
158 1918 231 1961 non
245 1891 400 1989 pariebat
411 1890 503 1961 intra
515 1890 815 1989 quinquennium.
830 1890 866 1961 Si
879 1890 943 1960 tibi
956 1918 1032 1962 eam
1046 1919 1110 1992 pa·
1201 1974 1203 1981 A

60 2024 164 2076 rentes
182 2004 420 2096 collocassent,
439 2026 500 2076 aut
517 2011 592 2104 ipsa
608 2004 766 2077 nubendi
783 2027 922 2106 tempus
935 2005 1108 2105 elegisset,
1192 2058 1200 2075 t

59 2118 218 2209 dicerem,
242 2147 315 2191 non
336 2146 476 2219 semper
498 2118 697 2192 fecunditas
720 2118 902 2220 properat?
919 2120 1108 2223 aliquando

59 2235 153 2309 dilata
169 2236 278 2309 veluti
298 2236 471 2338 pleniores
485 2238 618 2308 fructus
635 2236 759 2308 reddit.
776 2238 859 2309 Haec
872 2265 951 2311 vero
963 2260 997 2310 et
1010 2259 1107 2337 rapta

59 2371 100 2421 est
118 2371 311 2447 antequam
334 2350 581 2441 destinaretur,
603 2370 796 2447 antequam
822 2351 950 2423 idonea
972 2353 1106 2453 nuptiis
1162 2342 1167 2357 ¹

58 2465 243 2555 rideretur,
268 2486 301 2538 et
321 2463 448 2539 habuit
467 2466 635 2537 maritum
657 2466 694 2537 iu
715 2493 851 2538 amores
871 2467 1105 2566 praecipitem,

59 2579 88 2651 iu
111 2581 319 2681 cupiditates
334 2608 506 2680 pronum:
526 2601 559 2653 et
575 2608 688 2677 quum
706 2581 817 2655 invisa
833 2582 941 2653 fuerit
958 2583 1105 2672 marito,

59 2716 162 2792 potest
175 2695 286 2768 videri
301 2696 397 2795 quod
411 2722 485 2767 non
501 2695 653 2794 peperit,
669 2694 838 2792 pudicitia
848 2693 873 2782 ³,
894 2721 967 2766 non
981 2696 1108 2767 sterili·

59 2831 112 2886 tate
129 2813 267 2886 fecisse.
285 2815 342 2884 Tu
359 2839 461 2911 porro
480 2810 656 2910 quidquid
672 2810 768 2899 licet,
783 2810 898 2881 statim
913 2831 1016 2908 putas
1034 2838 1106 2883 esse

59 2928 274 3001 laciendum:
290 2927 463 3028 quidquid
476 2927 709 3027 asperrimum
723 2927 830 3024 leges,
844 2926 1022 3025 quidquid
1031 2954 1108 3000 cru·

61 3042 272 3118 delissimum
295 3044 425 3116 habent
444 3043 542 3144 jura,
565 3067 733 3142 occupas:
757 3041 922 3142 voluisses
944 3043 1106 3114 animum

61 3161 153 3236 talem
176 3162 286 3245 fnisse
304 3160 428 3262 puellae
446 3160 507 3232 illo
524 3182 698 3260 tempore,
722 3187 792 3259 quo
812 3160 856 3231 ad
875 3187 990 3258 genua
1008 3161 1107 3261 jace-

62 3275 130 3350 bas?
155 3280 241 3349 Haec
261 3306 341 3350 vero
362 3305 434 3349 non
457 3298 595 3349 tantum
614 3277 754 3364 marito,
776 3275 836 3347 scd
858 3276 962 3347 etiam
985 3276 1106 3375 reipu-

10 3461 11 3468 ,
62 3389 145 3464 blicae
167 3392 314 3492 reddere
335 3392 477 3492 plenam
499 3412 612 3492 potest
632 3392 823 3463 rationem:
847 3418 930 3462 nam
951 3391 1055 3464 etiam
1076 3393 1105 3464 si

63 3507 242 3581 nonhabet
253 3508 383 3596 filium,
397 3507 576 3582 asservavit
587 3527 705 3579 tamen
717 3507 902 3607 juvenem,
914 3527 1032 3579 tamen
1045 3506 1107 3605 ho·⁸⁴

10 3668 11 3675 κ
63 3644 206 3716 niuem,
223 3644 342 3699 tamen
358 3651 478 3697 civem.
841 3637 844 3645 '

91 3791 110 3824 r.
132 3775 220 3844 Quam
246 3792 299 3827 non
324 3774 425 3826 namra.
449 3775 556 3826 Ducere.
635 3771 659 3823 3.
672 3772 811 3824 Pudicitia.
821 3772 902 3840 Quod
911 3773 1106 3845 miuus‚quam
1183 3827 1186 3832 ,

61 3847 407 3909 lundumforefficnum.
597 3855 709 3907 maritus
737 3853 1110 3926 salametsedatacupidine,

89 3953 110 3988 a.
121 3935 197 4007 [ἵης.
208 3948 232 3986 te
240 3934 305 4005 lcqe.
314 3935 341 3986 F.
350 3947 377 3987 te
386 3948 432 3988 tua
442 3934 460 3986 l.
469 3935 529 3987 Scir.
597 3892 807 4006 prediuluarit.
819 3933 929 3988 Scuutn
