2626 4816
104 334 177 457 '34
387 376 930 458 M.FA1311QU1NT1L1AN1

133 523 296 574 mentum
306 501 549 573 tantummodo
558 527 665 573 causae
676 500 784 601 hujus
793 502 836 573 de
846 500 974 602 injuria
981 499 1125 599 parasiti
1137 499 1190 572 lo-

133 643 230 714 quor.
253 619 309 687 Tu
331 637 448 687 autem
472 614 562 687 mibi
585 642 658 687 non
676 615 780 687 debes
802 616 941 687 recitare
958 614 1090 713 legem,
1108 642 1188 714 quae

131 752 249 803 contra
269 731 459 831 parasitum
482 730 608 829 scripta
632 751 698 822 est,
723 758 804 802 cum
827 757 898 830 quo
921 757 995 802 non
1014 757 1099 831 ago,
1123 731 1187 803 sed

131 867 251 920 contra
267 866 319 935 te,
337 844 398 942 qui
421 844 578 944 inscripti
600 845 765 917 maleficii
789 872 868 918 reus
890 872 926 918 es
948 846 1035 944 lege.
1059 848 1185 945 Neque

132 961 247 1034 enim¹
265 959 349 1050 hoc,
363 961 475 1058 quod,
494 960 622 1032 dicitur
634 982 809 1061 raptorem
822 982 849 1033 x
863 960 979 1033 millia
993 989 1012 1032 e
1024 961 1101 1061 lege
1116 963 1184 1034 sol-

130 1101 208 1148 vere
226 1095 399 1173 oportere,
415 1074 446 1146 ei
460 1074 584 1147 solvis²
601 1077 662 1175 qui
677 1076 786 1167 dicat,
805 1076 985 1176 Rapuisti3
999 1076 1065 1175 qui¹
1076 1076 1182 1170 dicat,

130 1193 318 1289 Raptorem
336 1189 564 1279 summisisti3
582 1191 641 1263 sed
660 1190 710 1282 ei,
732 1191 794 1290 qui
810 1191 923 1282 dicat,
941 1191 1094 1263 Comitia
1109 1212 1184 1263 tur-

128 1304 239 1394 basti3
264 1305 323 1378 sed
342 1305 393 1395 ei,
413 1304 475 1402 qui
499 1305 609 1397 dicat,
631 1307 871 1380 Sacerdotium
892 1296 1075 1380 abstulisti.
1101 1310 1184 1380 Haec

130 1418 302 1513 crimina,
326 1421 355 1491 si
376 1448 483 1519 quam
504 1421 612 1494 aliam
633 1422 749 1522 legem
769 1424 924 1515 habent,
948 1425 1080 1495 tranfer
1101 1451 1184 1496 sane

71 1534 77 1543 '
122 1536 305 1609 actionem
318 1563 454 1628 meam;
470 1537 498 1609 si
512 1536 648 1610 nullam
663 1566 741 1611 eam
756 1539 901 1630 habent,
916 1566 978 1611 cur
991 1539 1184 1639 praescribis

130 1650 290 1725 adversus
320 1652 497 1753 majorum
524 1653 745 1754 diligentiam
769 1675 804 1726 et
827 1653 994 1752 exquisita
1016 1654 1183 1753 ingenia,

30 1752 33 1760 ¹
124 1764 539 1865 quaescripserunt3?Est
551 1765 656 1866 igitur
667 1766 951 1867 inscriptumAn
965 1766 1184 1840 maleficium

130 1880 192 1972 sit,
207 1881 235 1954 si
248 1881 355 1953 modo
373 1881 455 1974 ista,
473 1908 552 1980 quae
569 1881 703 1982 objeci,
717 1909 796 1954 vera
810 1904 908 1973 sunt,
922 1882 1105 1954 neminem
1120 1882 1185 1953 du·

128 1994 324 2067 bitaturum
335 1995 490 2069 arbitror.
501 1995 596 2067 Illud
607 2016 726 2068 tamen
739 1996 914 2098 etjudicio
924 2023 997 2068 non
1007 1995 1184 2095 alienum²

129 2133 162 2184 et
184 2113 369 2185 affectibus
393 2112 482 2186 meis
507 2113 742 2185 necessarium
764 2134 814 2185 est
841 2114 985 2206 dicere,
1009 2134 1185 2213 quantum

128 2226 343 2299 maleficium
364 2227 417 2299 sit.
440 2226 715 2326 Diligentissima
739 2229 886 2329 majores
907 2230 999 2300 banc
1019 2228 1186 2302 videntur

129 2343 333 2444 excogitasse
348 2342 480 2442 legem,
493 2344 606 2442 quod,
624 2371 738 2443 quum
753 2346 880 2417 scirent
896 2344 1033 2416 nullam
1051 2366 1186 2418 tantam

129 2486 200 2532 esso
216 2459 466 2560 prudentiam‚.
478 2458 616 2532 nullam
633 2459 744 2532 immo
759 2481 832 2533 tam
847 2483 976 2533 certam
995 2460 1186 2534 divinatio·

129 2600 232 2665 nem,
250 2595 291 2644 ut
305 2574 427 2645 omnia
444 2599 677 2671 quaecumque
694 2573 845 2673 ingeniis
860 2572 1034 2645 malorum
1051 2576 1186 2675 excogi-

128 2688 191 2760 tari
221 2715 381 2786 unquam
403 2688 615 2788 potuissent,
632 2688 848 2788 providentia
865 2689 1065 2760 caventium
1085 2691 1183 2762 vide-

128 2825 192 2875 ret:
205 2803 269 2875 hac
279 2807 355 2902 lege
368 2830 513 2874 ornnem
525 2801 710 2890 malitiam,
721 2802 828 2874 veluti
838 2802 990 2900 quadam
1003 2802 1183 2902 indagine,

129 2919 331 3006 elmerum,
349 2940 389 2988 ut
403 2917 578 3016 quidquid
595 2917 744 2988 aliarum
759 2916 877 3016 legum
896 2918 1076 3015 effugisset
1091 2921 1186 2991 auxi·

129 3030 244 3122 lium,
271 3031 369 3127 quasi
394 3031 603 3102 extrinsecus
619 3029 910 3102 circumdaretur.
937 3033 1011 3130 Ego
1036 3039 1183 3124 autem,

125 3148 280 3248 judices,
302 3146 437 3218 nonde
458 3147 532 3237 his,
560 3146 621 3245 qui
638 3146 728 3218 hanc
748 3147 1188 3246 legemconscripscrunt1

130 3265 190 3336 sed
212 3265 254 3336 de
278 3265 353 3364 ipsa
374 3291 493 3338 rerum
514 3263 664 3335 naturai
685 3264 832 3360 queror?
856 3265 894 3337 in
918 3265 1001 3365 ipsis
1026 3266 1185 3368 inscripti

169 3477 190 3511 r.
207 3463 300 3534 Neque
313 3463 392 3513 enim.
404 3463 488 3532 Lege:
510 3461 635 3512 «Etenim
710 3460 736 3513 3.
751 3461 813 3530 Qnae
829 3464 991 3533 scripserunt.
1008 3464 1102 3529 Forte,
1125 3484 1185 3537 quoe

134 3538 207 3592 «hoc
231 3539 306 3611 quod
323 3540 385 3592 dicit
400 3543 462 3612 jus,
483 3542 634 3611 raptorem,
667 3541 888 3612 jusseripserunt.
903 3544 1011 3592 Scirum.

133 3634 205 3672 oete.
222 3624 246 3672 ei
262 3621 341 3672 solvis
358 3623 405 3692 qui
421 3621 493 3673 dicat
507 3622 619 3692 rapuisti
626 3630 639 3688 ,'
711 3620 735 3686 4.
751 3621 847 3670 Rerum
860 3635 963 3673 natura.
984 3625 1046 3673 Non
1062 3621 1106 3672 hio
1122 3625 1185 3695 capi

133 3726 144 3750 u
155 3722 209 3754 nrm
224 3705 249 3754 ei
262 3706 307 3775 qui
319 3703 402 3769 dicat,
418 3716 552 3775 raptorem
565 3721 636 3754 sum·
675 3715 778 3771 potest,
788 3716 818 3753 ut
829 3704 909 3774 vulgo
920 3703 1000 3767 solet,
1015 3703 1061 3754 sed
1072 3703 1106 3755 de
1118 3723 1185 3756 con·

134 3805 145 3827 u
155 3783 262 3847 misisti,
272 3801 322 3834 nec
334 3784 359 3834 ei
371 3785 417 3854 qni
428 3783 514 3849 dicat,
528 3784 647 3835 comitia·
676 3782 777 3834 ditione
795 3798 821 3836 et
839 3798 934 3836 natura
950 3787 1104 3851 criminum,
1125 3807 1185 3858 quae

134 3861 283 3926 «turbasti,
298 3881 348 3913 nec
363 3865 387 3914 ei
399 3865 443 3934 qui
454 3862 538 3928 dicut,
549 3879 636 3914 sacer·
674 3863 733 3934 lege
748 3865 782 3917 de
799 3868 930 3938 inscriptis
943 3864 1185 3937 comprehendun-

134 3963 145 3986 α
156 3940 258 3992 dotium
272 3940 410 3995 abstulisti.
422 3965 433 3989 a
449 3942 557 3994 sonum
675 3956 732 4009 tur,
742 3944 850 4015 quodin
859 3947 978 3997 omnium
989 3947 1184 4017 inscriptorum

169 4037 193 4072 η.
201 4019 237 4070 Εἰ
245 4019 322 4074 solvis
330 4023 377 4094 qui
388 4023 464 4076 dicat.
475 4019 571 4077 Solvas.
583 4019 636 4074 edi·
674 4022 864 4075 maleficiorum
873 4022 1031 4076 reoseadern
1039 4026 1184 4098 ferepoena

132 4097 291 4152 tionesaliae.
676 4101 709 4152 sit
732 4096 883 4155 constituta.
904 4103 945 4155 An
966 4102 1125 4174 legendum,
1150 4106 1185 4158 dc
