2626 4816
301 233 719 307 uacarurrrouas.
744 236 845 299 cot.
1058 259 1100 324 29

44 384 128 433 cum
144 384 251 459 agere
268 359 418 432 invicem
432 361 552 458 eoepit,
577 381 611 431 et
628 386 729 458 agere
749 359 850 458 coepit
864 356 1099 458 injuriarum:

44 496 264 576 quantopere
278 497 396 549 autern
407 477 556 549 voluerit
567 476 812 576 hujuscemodi
825 474 943 575 peragi
953 475 1101 575 judicia,

10 658 12 663 .
48 590 168 689 legum
193 591 283 663 lator
308 591 480 682 ostendit,
512 619 624 690 quum
654 590 863 692 injuriarum
893 590 1102 662 damnatum

10 754 13 823 i
51 703 329 803 ignominiosum
349 732 420 777 esse
437 706 559 777 voluit.
577 707 697 796 Quare
715 705 743 776 si
761 703 962 803 apparuerit
980 725 1012 776 te
1029 731 1104 774 ma·

51 819 121 892 lam
139 847 285 893 causam
305 821 454 913 babere,
474 822 600 921 incipis
617 849 691 894 rem
709 820 970 920 iniquissimam
984 841 1104 919 postu-

48 935 135 1027 lare,
151 958 210 1024 ut,
226 938 311 1011 tales
323 966 455 1038 poenas,
473 939 594 1038 quales
608 938 815 1038 praescribis,
832 938 1002 1039 patiatur:
1019 965 1103 1009 nam

10 1040 33 1129 .'
53 1051 78 1122 si
88 1072 163 1125 tam
177 1064 320 1153 gravem
332 1082 407 1126 rem
423 1076 539 1127 ettam
554 1055 810 1126 intolerabilem
823 1054 876 1126 lex
891 1053 1104 1154 injuriarum

11 1160 14 1165 ¹
54 1170 210 1272 putavit¹,
220 1191 262 1242 ut
271 1171 319 1262 ei,
332 1171 393 1271 qui
403 1171 634 1243 commisisset
647 1171 713 1242 tale
729 1170 913 1260 delictum,
930 1198 1036 1243 omne
1045 1172 1106 1273 jus

55 1306 159 1380 poenae
176 1285 344 1374 auferret;
367 1286 597 1385 quarendum
623 1286 665 1356 de
690 1313 729 1357 eo
753 1313 894 1383 quoque
917 1307 984 1375 est,
1010 1285 1106 1383 quod

56 1397 156 1468 etiam
172 1418 266 1470 sorte
282 1400 412 1471 factum
428 1421 493 1492 est,
511 1421 550 1472 ut
567 1400 662 1499 prior
676 1427 814 1498 ageres,
832 1428 904 1471 non
922 1400 1008 1499 quia
1021 1421 1107 1472 atro·

54 1510 123 1584 cius
140 1534 232 1605 erat,
249 1515 344 1612 quod
360 1516 571 1614 querebaris.
589 1515 687 1607 Quid
702 1514 826 1612 porro?
847 1515 911 1588 hac
928 1516 1003 1615 ipsa
1019 1536 1107 1587 sorte

55 1653 123 1698 non
133 1627 203 1700 boc
218 1629 404 1724 quaesitum
415 1649 479 1719 est,
493 1650 570 1701 uter
585 1629 681 1728 prior
693 1628 827 1728 ageret?
842 1633 923 1702 Jam
935 1631 1003 1703 hoc
1013 1656 1107 1727 ergo,

56 1738 95 1812 de
114 1768 186 1840 quo
204 1743 472 1834 contendimus,
494 1744 722 1816 coustitutum
740 1765 807 1816 est:
826 1744 888 1816 illa
905 1744 1002 1817 enim
1019 1764 1109 1816 sorte

57 1855 124 1929 duo
134 1855 271 1958 judicia
280 1859 438 1932 ordinata
448 1882 547 1932 sunt:
560 1881 593 1932 et
604 1881 695 1952 tum,
707 1889 819 1959 quum
831 1888 1024 1951 accusares,
1037 1886 1110 1932 eras

59 1997 150 2063 reus,
168 1993 203 2044 et
218 1975 466 2074 proximoloco
484 2002 573 2049 reus.
591 1979 678 2049 Haec
691 1978 822 2076 adjus,
839 1976 900 2049 illa
917 1977 964 2048 ad
974 1982 1112 2076 aequita·

59 2102 155 2160 tcm²:
173 2090 263 2188 quid
275 2089 363 2162 adeo
375 2091 530 2192 justum,
542 2119 650 2189 quarn
664 2112 697 2164 te
711 2092 889 2182 damnari,
900 2093 929 2164 si
940 2091 1110 2192 injuriam

58 2223 130 2277 tum
145 2205 285 2278 fecisti?
305 2234 378 2278 nou
399 2208 496 2279 enim
514 2209 749 2307 ignominioso
771 2209 898 2297 fecisti,
921 2231 955 2281 et
968 2210 1111 2281 fortasse

10 2354 17 2413 5
61 2346 118 2418 per
135 2341 170 2393 tc
187 2322 299 2412 stetit,
324 2344 363 2394 ut
384 2317 551 2424 injuriam
575 2323 632 2394 hic
654 2351 794 2422 quoquc
811 2326 959 2397 faceret:
978 2325 1112 2424 alioqui

10 2416 15 2463 t
62 2454 112 2526 tu,
133 2437 163 2509 si
185 2465 294 2536 quam
312 2438 480 2514 fiduciam
496 2438 640 2509 haberes
662 2439 870 2511 innocentiae
893 2459 975 2529 tuae,
994 2467 1112 2511 nonne

63 2547 113 2621 his
135 2551 238 2651 ipsis,
262 2553 391 2649 quibus
409 2551 562 2625 excludis
580 2552 700 2642 illum,
724 2553 941 2625 confideres?
959 2554 1047 2650 quid
1065 2554 1113 2624 ti-

67 2665 154 2738 mes?
169 2669 346 2740 accusabit
361 2690 411 2758 te,
430 2668 612 2741 neminem
629 2688 750 2767 postea
764 2667 1003 2740 accusaturus:
1021 2669 1114 2740 caeci·

70 2778 176 2854 litte:
198 2784 281 2858 fecit
298 2784 485 2886 injuriam:
504 2783 788 2856 confitebimur3:
811 2780 1042 2885 probabimus
1059 2804 1114 2856 ta-

72 2919 144 2967 nen
156 2897 249 2970 istud
261 2899 343 3000 jure
355 2900 527 2973 accidisse.
542 2901 685 2991 Quanta
699 2899 899 2972 diffidentia
908 2898 946 2970 in
957 2919 990 2970 te
1005 2926 1114 2971 causae

76 3029 130 3101 est,
147 3013 209 3109 qui
229 3036 306 3115 post
323 3015 388 3087 ista
403 3015 576 3114 trepidas?
593 3037 626 3087 et
640 3016 678 3086 in
695 3014 797 3086 nobis
820 3034 951 3111 quanta
968 3014 1114 3104 fiducia,

79 3125 127 3218 qui
141 3128 320 3225 posthanc
337 3129 592 3220 infelicitatem,
610 3152 687 3229 post
704 3130 795 3202 hanc
811 3131 988 3202 fortunam
1006 3129 1116 3201 coufi-

10 3268 12 3279 ’
81 3237 196 3334 dimus,
217 3243 344 3344 dignos
364 3273 427 3319 nos
445 3245 687 3346 apudjudices
705 3247 856 3334 futuros,
880 3244 941 3342 qui
956 3245 1115 3318 vindice-

10 3400 20 3450 sl
114 3406 131 3441 1.
146 3393 195 3446 Lex
207 3396 363 3469 injuriarum
375 3399 486 3469 putavit.
501 3399 569 3450 Scri·
609 3396 783 3449 clamationis.
792 3397 854 3464 Qua
864 3398 892 3447 in
902 3414 931 3447 re
944 3407 1031 3447 tamen
1040 3407 1116 3446 vetus

10 3497 16 3513 ¹
88 3465 128 3522 bo:
142 3477 225 3529 «Nam
237 3480 259 3531 si
276 3493 331 3531 tam
346 3499 454 3550 gravem
472 3499 528 3532 rem
544 3493 570 3532 et
611 3477 745 3548 exemplar
760 3477 833 3529 bona
849 3475 902 3529 fide
915 3478 999 3529 secuti
1015 3494 1116 3528 sumus.

92 3561 149 3602 «um
166 3556 359 3610 intolerabilem
378 3558 420 3610 lex
447 3560 569 3632 iujuriam
610 3555 748 3627 Sequitur,
772 3556 843 3626 Quid
859 3555 924 3607 adeo
939 3559 1043 3628 justum
1066 3567 1116 3622 est,

93 3636 203 3696 «putavit.
213 3658 225 3681 n
238 3636 323 3689 onor.
332 3639 414 3689 -De
424 3657 453 3690 eo
465 3656 571 3710 quoque
611 3639 648 3690 sio
665 3639 735 3688 euim
749 3636 818 3708 lego.
832 3641 905 3689 turn.
919 3638 977 3692 Vid.
997 3636 1116 3691 Declam.

10 3730 22 3779 u
93 3717 125 3757 ²⁸¹·
136 3711 169 3763 De
177 3728 200 3768 te
210 3736 315 3790 quoque
324 3721 401 3790 quod.
412 3720 520 3772 Senum.
611 3719 725 3782 ccum
745 3732 772 3772 et
786 3721 820 3772 ad
832 3720 986 3772 Sermonem
997 3719 1115 3771 Declam.

10 3809 21 3858 ,ιέ
122 3803 140 3839 ²·
156 3794 213 3846 lloec
231 3798 340 3870 adjus,
364 3797 414 3850 illa
433 3799 470 3850 ad
489 3801 571 3871 requi·
611 3801 733 3852 CCLXX.

12 3883 23 3934 52
96 3869 495 3950 t‘flem-Hujusmodiplerisquein
506 3877 570 3931 locis
647 3880 672 3931 3.
687 3876 880 3951 Confitebimur.
896 3880 1023 3932 Francius
1039 3876 1115 3947 legit.

98 3936 203 4004 Sermonis
220 3954 345 4007 videntur
358 3974 430 4026 esse,
451 3975 504 4009 noo
518 3958 571 4008 De·
610 3956 773 4031 confitemur.
