2656 4822
135 387 177 454 30
388 389 435 451 M.
460 388 586 451 FABII
609 386 931 470 QUINTILIANI

133 508 241 581 muri
253 507 521 606 Iniquissimum
541 508 675 605 alioqui
693 529 744 580 est
762 528 901 581 tantum
922 509 1073 585 fortune
1091 507 1197 581 sortis

134 625 230 698 iilius
247 625 402 715 licuisse,
417 646 459 697 ut
470 625 537 698 boe
551 626 710 704 videatbr
723 626 928 724 quesitum,
943 646 1023 698 uter
1036 625 1198 723 ignomi-

134 767 255 813 niosus
272 760 368 814 esset.
389 794 394 801 -
494 790 496 793 -

1230 362 1236 443 i

134 976 1201 1017 mmoemwwvwmmvuvmmmmmmwummwwmwwq„
1225 1018 1231 1027 .

583 1157 742 1250 CCLI.¹

331 1417 332 1422 ’
437 1403 549 1501 Rapta
565 1366 685 1472 sterilis
699 1399 888 1499 repudiato.

138 1590 233 1649 {nnus
243 1609 489 1663 Qnrnonnnnruiu
498 1607 561 1648 nou
571 1600 934 1647 esnrnnrnnnnennrsnn
944 1606 1061 1647 menan.
1070 1587 1198 1650 lnsusrr

177 1707 305 1750 nnnnnu
319 1708 367 1748 sm
379 1708 478 1749 terro.
492 1684 630 1764 Quidem
644 1704 791 1759 uxorem,
806 1703 902 1765 quam
919 1703 955 1743 ex
971 1698 1063 1766 raptu
1078 1683 1199 1747 babere
1233 1738 1236 1744 .

176 1801 313 1870 coeperat
324 1786 494 1848 seeundum
507 1785 687 1870 optionem,
700 1783 784 1842 intra
793 1783 1048 1863 quinquennium
1059 1804 1129 1845 non
1142 1807 1199 1867 pa·

176 1886 310 1949 rientem
321 1885 457 1946 dimisit:
471 1885 536 1964 agit
547 1881 601 1944 illa
612 1877 720 1961 injusti
732 1879 864 1962 repudii.

488 2078 843 2147 DECLAMATIO.
870 2116 872 2120 ·

186 2237 311 2339 injusti
328 2239 466 2339 repudii
482 2266 616 2311 accuso.
634 2239 826 2325 Neminem
841 2240 1016 2312 adrosere
1036 2239 1200 2319 alienum

138 2353 275 2428 abonis
290 2352 449 2427 moribus
461 2353 582 2443 credo,
596 2353 658 2451 qui
671 2352 808 2425 dubitet
821 2381 946 2451 parurn
960 2353 1052 2455 istud
1066 2353 1200 2455 injuste

138 2472 270 2544 factum
289 2498 377 2562 esse,
401 2471 497 2568 qnod
519 2497 596 2570 quae
616 2496 798 2542 summum
818 2469 959 2541 dederat
979 2471 1200 2545 beneficium

138 2587 233 2676 vitae,
251 2612 296 2659 ne
311 2585 348 2658 id
365 2586 512 2686 quidem
527 2585 682 2658 obtinuit
695 2584 790 2684 apud
806 2583 991 2675 meritum,
1005 2585 1102 2682 quod
1117 2612 1203 2686 prte-

139 2701 232 2774 stitit.
247 2703 366 2799 ltaque
383 2700 563 2775 calumnia
580 2700 703 2773 resistit
717 2720 752 2772 et
768 2699 956 2799 impugnat
965 2699 1105 2799 justum
1123 2728 1202 2775 esse
1234 2782 1236 2787 ¹

141 2814 345 2916 repudium,
363 2815 460 2912 quod
472 2815 615 2888 maritus
628 2815 708 2914 jure
726 2813 843 2911 aliquo
854 2814 984 2885 feeerit.
1000 2817 1075 2913 Ego
1093 2842 1201 2916 porro

141 2958 213 3004 non
235 2931 326 3005 banc
348 2931 673 3029 interpretationem
691 2930 789 3001 istius
805 2931 901 3003 verbi
918 2931 1037 3023 video,
1061 2953 1103 3005 ut
1114 2931 1202 3033 jura

141 3045 331 3144 spectanda
347 3045 436 3132 sint,
457 3046 516 3118 sed
532 3044 621 3118 illud
637 3044 830 3144 aliquando
842 3062 866 3137 ¹,
882 3048 932 3119 uti
943 3048 1079 3149 justitia
1096 3075 1201 3148 spee-

142 3171 243 3235 tetur.
258 3164 352 3233 Nam
368 3161 457 3235 illud
470 3161 643 3264 injustum
657 3163 843 3262 repudium
861 3184 928 3254 est,
947 3164 1041 3260 quod
1054 3165 1200 3264 justitiae

142 3277 356 3349 contrarium
373 3297 437 3349 est:
453 3297 697 3350 verumtamen
712 3277 740 3348 si
751 3277 796 3348 ad
812 3276 873 3349 illa
888 3304 1090 3350 revocemur
1098 3281 1214 3381 jura,x

143 3391 234 3465 nihil
260 3411 380 3463 tamen
402 3390 446 3463 ad
462 3390 554 3463 banc
571 3390 769 3490 pertinebit.
788 3394 892 3464 Istam
909 3393 1006 3467 enim
1027 3391 1144 3492 legem
1167 3416 1201 3467 et

142 3509 207 3581 boc
216 3507 433 3581 beneficium
444 3508 597 3583 habeant
608 3510 750 3582 fortasse
762 3509 805 3598 ii,
819 3509 880 3608 qui
891 3510 1033 3607 nuptias
1044 3526 1199 3611 ex'aequo

142 3627 331 3711 fecerunt²‚
350 3624 411 3723 qui
432 3625 650 3698 tradentibus
665 3625 884 3723 parentibus:
901 3625 946 3697 ad
963 3651 1019 3696 eos
1036 3652 1135 3717 vero,
1154 3626 1199 3700 ad

181 3811 203 3847 1.
215 3794 267 3846 Sed
278 3793 349 3847 illud
360 3794 514 3868 aliqnando.
527 3795 579 3850 Sed
587 3795 649 3867 plue
726 3812 749 3850 a.
759 3795 874 3866 Nuptias
893 3813 924 3846 ex
938 3811 1010 3867 oeqno
1018 3795 1152 3866 fecerunt.
1168 3796 1199 3850 id

105 3933 107 3937 y
137 3869 278 3945 ‘aliquanto
292 3884 330 3924 nt.
343 3873 445 3926 Seneca
456 3875 521 3927 mire
536 3874 582 3928 lib.
596 3876 647 3941 111,
689 3887 728 3927 est
740 3893 816 3947 nequo
827 3880 903 3947 jure,
915 3876 1011 3948 aequali
1023 3876 1198 3944 conditione,

143 3953 177 4005 de
195 3952 284 4005 benef.
298 3971 356 4023 cap.
369 3970 401 4022 7:
415 3954 509 4028 Leqem
526 3968 552 4006 et
567 3955 648 4007 Justi·
690 3958 726 4008 ita
743 3957 816 4011 Deel.
831 3957 921 4011 ecel:
937 3958 1044 4026 «Quam
1061 3972 1150 4011 erecta
1167 3979 1197 4012 es
1231 3970 1236 3995 r

142 4036 207 4088 nam
230 4034 402 4087 humanitatis
424 4048 451 4089 et
468 4035 648 4089 misericordie
692 4056 790 4108 raequo
809 4041 933 4107 terrim
956 4039 1009 4092 rid.
1034 4039 1069 4091 ad
1088 4024 1214 4094 Peteon..

143 4114 264 4185 opponit.
278 4112 388 4165 Senutr.
689 4134 747 4187 rap.
762 4133 847 4178 turin.
