2656 4822
295 418 720 487 DECLAMATIONES.
744 421 876 485 CCLV.
1070 432 1106 494 51

50 573 93 618 uc
116 544 148 617 si
166 540 427 644 praeclusa-haec
447 539 552 612 fuerit
569 566 665 640 spes,
690 540 786 639 quod
807 542 941 642 ,singuli
958 547 1112 642 faciunt,

51 659 210 734 universi
226 657 439 731 suadebunt
457 657 540 728 Haec
555 656 725 749 dicerem,
743 657 847 729 etiam
863 660 891 730 si
909 661 1000 735 nihil
1015 691 1056 735 ex
1070 666 1116 738 is-

52 777 97 850 tis
119 795 237 848 metus
259 793 366 846 essct:
390 798 488 843 nune
510 798 590 846 vero
607 798 680 844 non
698 799 841 872 possum
858 802 932 847 non
955 780 1115 854 confiteri

55 891 338 966 sollicitudinem
362 915 504 979 meam;
530 889 666 988 quoties
694 889 812 962 oculos
839 893 1058 987 circumtuli,
1083 921 1118 972 et
1181 942 1184 947 ,

57 1008 216 1108 singulas
232 1028 422 1079 castrorum
438 1005 582 1077 metior¹
603 1026 735 1103 partes,
752 1033 824 1079 non
839 1008 939 1082 alitor
958 1038 1066 1111 quam
1088 1015 1117 1086 si

59 1124 194 1195 vallum
212 1122 319 1194 hostis
344 1120 524 1211 invaserit,
549 1119 682 1192 alienos
702 1121 861 1215 habitus,
883 1125 999 1199 aliena
1022 1155 1119 1202 arma

61 1240 182 1312 video:
206 1257 387 1310 versantur
407 1236 499 1308 inter
522 1235 645 1307 domos
667 1258 830 1328 nostras,
847 1241 937 1313 inter
961 1245 1118 1344 templa,

65 1358 154 1428 inter
173 1380 313 1445 muros,
334 1353 373 1423 in
389 1351 517 1423 mediis
539 1351 738 1451 reipublicae
759 1353 959 1430 visceribus.
976 1360 1034 1430 An
1051 1360 1118 1431 ali-

66 1474 152 1574 quid
177 1472 263 1545 mali
286 1472 395 1544 velint
412 1471 545 1562 facere,
565 1491 684 1570 postea
709 1472 849 1562 videro;
872 1474 1013 1547 interim
1036 1505 1120 1577 pos-

68 1612 155 1664 sunt.
174 1593 249 1689 Ego
271 1589 365 1661 istud
387 1586 517 1659 credidi
539 1585 675 1658 scelus²
698 1615 810 1683 quum
832 1615 852 1660 a
873 1590 1020 1689 singulis
1044 1622 1120 1693 spes

11 1792 14 1813 ,
70 1730 135 1798 est,
150 1734 263 1807 quum
276 1734 297 1777 a
308 1704 431 1806 paucis
444 1730 522 1803 spes
534 1725 601 1775 est:
623 1731 736 1803 quum
750 1732 770 1774 a
782 1704 944 1803 plurimis
952 1709 1029 1807 jam
1042 1737 1122 1782 con-

71 1823 167 1895 sensi.
194 1825 335 1896 Novum
362 1821 505 1893 hercule
530 1847 641 1919 genus
663 1821 767 1892 artis:
793 1848 1048 1922 supervacuum
1074 1848 1123 1899 est

73 1941 248 2013 cuniculos
263 1940 404 2030 fodere,
423 1959 458 2010 et
475 1963 537 2036 per
550 1938 702 2010 occultos
718 1965 841 2037 specus
854 1940 989 2040 ingenti
1004 1942 1122 2018 labore

75 2057 241 2129 exhaustis
253 2056 373 2144 terris,
389 2055 427 2126 in
439 2052 596 2125 mediam
609 2053 726 2126 subito
739 2081 916 2154 emergere
929 2058 1121 2133 civitatem:

75 2196 321 2271 supervacuum
335 2191 388 2242 est
404 2168 577 2241 redimere
595 2169 828 2268 proditorem,
845 2192 878 2243 et
894 2174 1005 2247 scelus
1020 2203 1124 2276 pecu-

77 2288 128 2359 nia
143 2286 282 2388 pacisci.
310 2284 480 2356 Videntes
502 2283 639 2383 palam,
657 2284 769 2355 immo
787 2287 978 2384 gaudentes
997 2292 1101 2362 etiarn
1111 2349 1122 2381 ,

78 2404 266 2504 accepimus
291 2401 382 2472 intra
401 2400 531 2472 viscera
553 2400 707 2471 hostem:
732 2428 791 2473 vos
815 2406 1051 2499 aestimabitis,
1078 2436 1123 2479 au

80 2527 267 2620 suspectum
284 2515 440 2590 debeatis
452 2516 598 2605 hahere,
616 2517 711 2615 quod
724 2516 769 2587 ad
783 2538 920 2591 tantum
934 2538 1125 2596 numerum

80 2662 131 2734 per
142 2634 301 2735 singulos
313 2652 565 2734 pervenerunt:
579 2658 686 2703 nemo
699 2631 777 2703 illos
790 2635 989 2734 recepisset,
1005 2639 1033 2708 si
1048 2640 1126 2711 uni-

82 2754 163 2827 versi·
174 2752 369 2826 venissent·
387 2752 573 2822 Omnesne
592 2747 630 2819 hi
648 2747 940 2846 desperaverunt?
957 2779 1125 2826 omnesne

10 2886 17 2899 ·
84 2866 273 2942 consulere3
291 2894 330 2939 ac
345 2867 539 2967 prospicere
556 2863 762 2937 voluemnt?
775 2866 910 2938 adeone
927 2867 1063 2941 facilius
1078 2892 1128 2944 est

9 2995 25 3006 '
85 2986 301 3084 uansfugere,
323 3008 432 3080 quam
448 2979 592 3055 cadere?
613 2981 750 3053 Omnes
775 2980 814 3054 hi
843 2982 1061 3081 reliquerunt
1087 2987 1125 3058 in

9 3111 29 3122 '
86 3098 205 3174 civitate
217 3098 387 3199 conjuges
399 3098 436 3169 in
451 3096 646 3170 ludibrium
661 3123 699 3167 ac
715 3097 972 3169 contumeliam
990 3126 1125 3192 eorum,

28 3216 33 3221 ’
87 3217 135 3315 qui
154 3245 188 3291 se
205 3246 226 3291 a
246 3217 374 3290 scelere
397 3216 550 3288 maximo
569 3212 686 3286 ulcisci
708 3213 839 3285 velint:
864 3212 1125 3290 lmanifesriore

9 3446 11 3451 ’
90 3479 95 3492 ,
117 3445 577 3511 1.Metior.Seil.oculis‚utLucan.
654 3442 681 3509 4.
704 3442 894 3515 Mam'settiore.
917 3444 1128 3517 Manifestiorem

20 3507 40 3600 Ἰ
91 3528 185 3593 ll,³a:
203 3528 558 3583 «Metitnrterrasoculis.»
619 3521 763 3595 quamdam
776 3523 951 3594 conjecturam
964 3543 1056 3597 capere
1067 3544 1129 3598 por·

116 3625 137 3661 a.
151 3607 352 3663 mutus.
366 3609 423 3676 An,
437 3627 498 3684 erqo
514 3607 582 3662 istud
620 3621 720 3670 summ,
733 3603 790 3656 scil.
804 3603 838 3656 de
851 3603 891 3657 his
904 3606 1064 3676 transfugis:
1078 3606 1129 3659 ho·

27 3730 31 3735 .
88 3691 243 3746 ηηςηαῑιί,
252 3689 581 3758 ηιωμριρηᾰωὴω-
621 3685 706 3734 mines
718 3696 780 3735 sunt
793 3681 884 3750 nihili,
898 3689 1059 3756 caeteroquin
1072 3705 1130 3739 nra·

12 3745 40 3818 .¹
80 3766 134 3836 lu,
144 3789 197 3825 non
210 3788 296 3844 quum
309 3790 326 3822 a
337 3768 448 3846 singulis
458 3769 583 3841 suspicio·
623 3763 727 3815 nifestis
746 3765 908 3834 conjecturis
929 3763 1133 3836 colligeremus,

77 3866 135 3917 ns,
152 3869 206 3904 uon
220 3868 308 3926 quum
322 3870 339 3902 a
354 3850 446 3923 paucis
461 3869 515 3922 sper
531 3859 583 3915 est,
624 3862 691 3896 num
702 3845 853 3916 minusjaru
865 3848 946 3898 animi
956 3845 1080 3900 hostibus
1091 3865 1133 3901 es·

18 3929 40 3979 .'
77 3928 121 3991 ‚nd
132 3949 217 4005 quum
232 3950 252 3983 a
267 3928 393 4002 plurimis
400 3931 462 4002 jam
479 3947 586 3982 eonsen-
626 3939 674 3980 set.
683 3926 794 3978 Serum
804 3929 841 3979 Ut
847 3930 1022 4001 conjecturum
1029 3949 1120 4002 capere
1124 3969 1134 3997 ,

9 4073 37 4081 ..
82 4013 216 4068 msera.
232 4012 322 4065 Locus
339 4010 585 4083 damnatissimus.
626 4007 666 4056 itu
686 4019 713 4057 et
731 4009 879 4079 conjectura
896 4026 988 4080 capere
1003 4009 1070 4059 recti
1085 4007 1138 4060 dici

8 4092 10 4096 ’
111 4091 139 4145 3.
152 4093 285 4146 ommno
300 4088 441 4145 comlcre.
458 4090 588 4147 Omnem
628 4101 742 4159 potesta
764 4091 802 4141 ita
823 4090 972 4160 conjectum
990 4091 1140 4162 percipere,

81 4172 123 4224 uhi
133 4170 276 4226 conulent.
288 4171 400 4227 Solm-
629 4171 737 4238 Cicero,
753 4188 804 4242 pro
817 4168 933 4238 Milone,
945 4188 971 4240 9.
979 4170 1028 4222 Vel
1039 4173 1141 4243 perspi-

986 4257 1012 4323 r.
