2626 4816
201 342 205 349 ⁴
263 365 919 434 nucmurrrouusncxuvu.
1080 397 1115 459 17

55 512 142 565 aute
159 493 376 592 perdiderat,
400 514 440 564 ut
451 474 499 565 'de
512 492 642 591 n'uptiis
659 491 877 591 loqueretur,
894 493 961 565 nisi
977 493 1041 566 ubi
1058 523 1118 567 ne·

63 636 153 682 cesse
176 610 274 682 erat?
289 613 340 682 Ea
356 630 434 709 post
448 609 576 680 vulnus
590 607 730 708 optavit.
752 611 842 681 Ecce
859 609 1029 710 majorem
1050 611 1119 682 mi-

63 724 288 796 sericordiam
307 752 314 794 :
338 723 490 822 suscepit
506 722 653 821 raptoris
666 720 721 793 sui
740 721 866 794 misera
885 723 1115 796 curationem:

64 839 222 937 queritur
232 839 363 939 quippe
377 840 420 911 de
434 840 592 930 fortuna,
607 837 703 938 quod
717 837 931 930 beneficium
946 839 1097 938 perdidit
1109 867 1131 910 :⁴

65 948 177 1053 neque
202 954 302 1026 enim
327 955 490 1028 divellere
515 944 653 1054 poterat
674 975 748 1027 tam
771 954 839 1026 alte
864 975 1015 1026 exactam
1038 958 1144 1027 ma-¹

64 1068 151 1142 nuni
163 1086 172 1115 ¹
186 1099 194 1142 :
214 1072 343 1144 misera
359 1073 578 1145 existimabat
591 1073 656 1144 hoc
670 1100 752 1144 eum
764 1071 885 1145 fecisse
898 1099 1001 1144 causa
1017 1073 1120 1145 mise-

64 1186 224 1259 rationis:
247 1189 404 1287 perveuit
425 1209 544 1285 tamen
566 1189 685 1285 aliqua
705 1189 751 1259 ad
767 1187 870 1259 illum
890 1187 1008 1260 laetitia
1031 1188 1120 1260 datae

63 1300 207 1372 salutis:
234 1301 368 1373 etiamsi
389 1303 521 1391 brevis,
543 1322 663 1373 tamen
686 1321 781 1400 grata
802 1323 854 1373 est
875 1302 1044 1401 voluptas.
1076 1305 1122 1374 At

63 1444 143 1490 voce
169 1419 245 1519 ejus
266 1418 385 1491 audita
406 1441 497 1492 certe
519 1420 637 1492 oculos
658 1417 819 1490 sustulit:
841 1419 870 1490 si
892 1419 981 1491 nihil
1003 1421 1119 1511 aliud,

61 1531 126 1606 hoc
143 1555 235 1606 certe
254 1535 367 1607 solatii
390 1536 488 1625 tulit,
505 1563 579 1609 non
596 1535 687 1608 mori
703 1562 739 1607 se
762 1555 945 1635 tamquam
968 1536 1121 1608 damna·

61 1668 155 1721 tum:
172 1677 247 1722 non
261 1650 382 1741 illum,
393 1650 553 1748 quamvis
567 1650 815 1722 semianimem
830 1673 934 1748 atque
949 1649 1121 1750 palpitan·
1138 1694 1141 1704 ·

60 1783 133 1837 tem
150 1764 277 1838 invasit
287 1767 460 1855 carnifex,
474 1766 698 1838 vulneratum
713 1788 971 1863 cruentumque
983 1794 1046 1865 per
1060 1794 1121 1839 ora

58 1878 185 1978 populi
202 1879 319 1971 traxit;
336 1908 409 1953 non
428 1881 517 1953 illud
535 1902 655 1979 caput,
672 1881 727 1954 vel
746 1881 924 1969 exanime,
942 1880 1019 1978 lege
1037 1882 1121 1954 reci·

58 2018 139 2064 sum
160 2014 225 2065 est:
247 2022 311 2093 pro
328 1995 511 2067 immitis²l
536 1997 597 2093 qui
615 1996 658 2068 de
676 2023 817 2068 summa
837 1996 1025 2068 clementia
1046 2017 1120 2068 tam

40 2101 155 2180 'triste
172 2110 259 2187 fecit
274 2111 490 2210 exemplum.

58 2295 125 2346 -ab
143 2313 176 2348 ea
194 2295 294 2366 (modo
313 2300 388 2371 virgo
408 2300 511 2365 fuerat,
529 2312 568 2351 at·
611 2299 689 2352 «alte
699 2311 819 2352 exactam
829 2298 1118 2352 manum.Gnortov.-

57 2393 136 2445 tque
152 2373 208 2426 hoc
219 2394 318 2428 nornen
328 2376 421 2448 paullo
434 2392 496 2429 ante
507 2398 568 2450 per·
607 2381 700 2452 Neque
709 2382 780 2430 enim
790 2380 836 2430 diu
850 2381 944 2431 videre.
955 2381 1065 2432 Senum.

57 2479 68 2502 ι
79 2455 211 2526 diderat),
218 2470 248 2508 ut
258 2456 292 2509 de
303 2460 404 2528 nuptiis
414 2457 569 2530 loqueretur
646 2475 670 2509 a.
678 2458 729 2509 Pro
736 2459 857 2510 immitis?
863 2459 944 2528 Lege:
957 2462 1026 2510 «Pro
1036 2461 1120 2511 immi-

55 2561 68 2585 ι
79 2540 133 2590 nisi
148 2536 197 2589 ubi
208 2557 318 2590 necesse
333 2552 399 2591 erat.
410 2541 452 2591 An
465 2559 496 2592 ea
505 2554 567 2610 post
611 2552 671 2591 «tes
685 2559 710 2610 q.
725 2539 751 2591 d.
764 2559 784 2591 s.
799 2559 822 2590 c.
839 2552 859 2588 t.
876 2552 896 2590 t.
913 2540 1012 2590 fecistis
1027 2558 1117 2591 exem-

55 2640 68 2663 ·
79 2615 182 2668 vulnus
195 2619 306 2687 optavit.
318 2641 330 2664 ι
535 2648 538 2655 .
612 2641 623 2663 α
632 2620 718 2689 plum,
727 2644 738 2666 n
749 2621 873 2690 intelligit
882 2622 1050 2689 propinquos
1059 2639 1118 2689 rap·

97 2712 120 2744 r.
132 2695 227 2766 Neque
238 2696 310 2746 euim
319 2695 451 2748 divellere.
462 2695 566 2748 Scribe:
608 2702 688 2765 toris,
706 2703 752 2771 qui
773 2701 841 2752 male
857 2701 1024 2770 interpretati
1042 2713 1119 2751 erant

54 2778 178 2848 quque
189 2779 261 2828 enim
269 2775 390 2830 divinare
402 2790 507 2848 poterat
514 2792 569 2830 tam
608 2792 636 2830 et
646 2777 799 2830 detulerant
805 2778 886 2830 verba
894 2778 996 2848 puellae.
1004 2778 1114 2831 Scuuur.
