2626 4816
136 486 520 509 Nmmwnwwkuwm
524 488 615 509 νννιΜ
620 490 766 510 ῚΜΜΜΜ
769 490 1104 516 mmmmm
1110 498 1153 516 wo

264 720 324 810 u.
358 717 536 811 mun
570 715 1003 834 Quiuuumut

133 1012 1160 1207 DECLAMATIONESl

579 1395 692 1431 *ituit

235 1623 475 1696 manifestum¹
501 1647 568 1715 est,
593 1647 627 1697 et
644 1626 681 1697 in
697 1625 765 1697 hac
786 1646 904 1697 tamen
922 1628 1054 1698 civitate
1072 1651 1165 1701 extra

141 1742 382 1813 controversiam
396 1742 629 1840 praecipue...
649 1741 819 1840 positum.
834 1797 862 1813 ..
881 1768 938 1813 eos
952 1743 1013 1840 qui
1026 1770 1046 1814 a
1059 1771 1094 1814 se
1110 1744 1169 1815 ho-

142 1852 234 1926 mines
245 1858 371 1929 occisos
384 1884 456 1929 esse
468 1859 654 1946 fateantur,
668 1857 777 1929 teneri
789 1856 877 1956 lege,
891 1858 953 1955 qui
963 1859 1169 1957 ²distingues

142 1963 238 2061 igit...
253 1999 306 2043 sa.
320 2029 328 2043 .
342 2029 349 2046 .
363 2001 432 2044 ere.
442 1973 610 2045 Occidisti
621 1973 806 2047 adulteros.
816 1973 907 2062 Quis
917 1973 1023 2069 igitur
1033 1973 1170 2045 dubitat

140 2079 1167 2188 hocincivitatealegihuspermissumidduiterum‚inquit,

139 2202 1170 2294 cumadulteraliceat³occidere.Quidaliudfeciisednonli·

137 2316 194 2387 cuit
210 2318 364 2393 occidere
381 2319 462 2390 tihi:
485 2320 571 2391 etin
589 2319 655 2391 hoc
675 2346 818 2397 omnem
840 2319 1053 2391 calumniam
1069 2346 1169 2391 suam

162 2518 208 2572 'ln
224 2521 274 2573 hae
293 2522 410 2576 editione
424 2527 521 2576 veteris
538 2543 625 2576 exem·
665 2525 852 2576 clamationum
874 2524 1004 2576 adfinem
1021 2524 1171 2594 adscriptm¹

131 2597 202 2666 piaris
221 2600 299 2652 fidem
314 2605 421 2672 sequuti
438 2622 544 2654 sumus:
558 2603 624 2654 nihii
666 2596 791 2657 uumerus
806 2610 868 2657 satis
879 2619 1002 2672 arguunt.
1017 2607 1119 2655 Novem
1130 2619 1170 2655 ta-

131 2677 190 2729 adco
209 2683 369 2750 conjecturis
394 2680 484 2733 datum
508 2693 560 2747 est,
581 2694 627 2731 aut
658 2702 726 2735 -men
748 2682 867 2735 nondum
889 2682 1018 2736 hacteuus
1041 2682 1172 2734 editarum

129 2755 231 2822 alienis,
255 2772 301 2809 aut
324 2762 437 2811 nostris:
460 2760 556 2831 quibus
582 2757 626 2811 hic
668 2780 738 2811 nova
751 2764 869 2814 accessio
880 2759 913 2811 de
924 2759 1173 2832 reliquis‚quasiu-

128 2854 197 2888 sunm
216 2839 307 2907 potius
320 2837 410 2888 locum
424 2840 625 2908 assignavimus,
667 2838 803 2892 tercidisse
817 2839 952 2904 dolemus,
966 2858 1041 2911 spem
1053 2841 1173 2892 fortassis

127 2917 242 2969 simulet
262 2917 491 2972 emendationibus
509 2937 628 2971 errorum
668 2941 723 2973 nou
740 2938 838 2973 vanam
857 2920 961 2993 cupidis
981 2939 1071 2973 eurum
1091 2920 1171 2972 dabit.

128 2995 302 3065 quorumdam
314 3015 345 3047 ex
354 2996 410 3062 his,
423 2998 469 3069 qui
481 2998 550 3049 inter
561 2998 628 3050 reie·
669 3003 740 3056 Plau.

127 3077 237 3146 gendum
251 3081 629 3150 occurrerunt‚praecipueve·
708 3098 729 3130 1.
764 3077 944 3149 Manifestum.
980 3082 1174 3149 Argumentum

127 3175 155 3206 ro
167 3176 198 3208 ex
210 3158 441 3224 distinctionibus,
454 3179 519 3231 quas
532 3163 559 3211 in
578 3161 627 3211 hu·
668 3162 737 3210 forte
753 3158 889 3209 habuerit:
904 3159 1082 3229 Imprudentis
1098 3160 1174 3212 caedis

124 3235 240 3303 jusmodi
250 3240 358 3308 argutiis
370 3250 431 3308 apte
439 3240 629 3290 eteonvenieu·
669 3240 810 3291 damnatus
832 3241 1043 3311 quinquennium
1067 3241 1175 3292 exsulet.

127 3325 165 3364 ter
173 3328 267 3367 notare
275 3334 330 3366 non
339 3317 454 3386 cujusvis
461 3331 499 3368 est
505 3315 629 3382 hominis,
670 3318 828 3369 Adulterum
842 3337 902 3369 cum
916 3317 1036 3369 adultera
1046 3318 1124 3370 liceat
1135 3338 1177 3370 oc-

128 3408 155 3444 ut
167 3395 245 3447 facilc
256 3398 342 3466 opeiis
356 3415 414 3447 eam
426 3396 532 3467 culpam
542 3398 630 3468 ignos-
671 3397 769 3449 cidere.
778 3399 831 3466 Qui
838 3397 1012 3469 imprudentis
1020 3398 1098 3450 caedis
1107 3397 1177 3450 dam·

128 3491 198 3540 cam,
210 3477 238 3524 in
256 3493 322 3546 qua,
341 3489 371 3526 ut
386 3493 478 3527 verum
492 3477 584 3542 fatear,
596 3495 630 3526 ne
671 3489 749 3528 natus
758 3475 1060 3541 era1,inexsili0audivit
1069 3496 1177 3529 uxorem

128 3555 190 3606 mihi
205 3554 313 3628 quidem
324 3559 382 3627 ipse
394 3557 525 3608 satisfeci:
542 3557 630 3607 omnia
671 3574 746 3608 suam
764 3556 919 3609 adulterari:
935 3557 1043 3608 domum
1057 3576 1178 3612 reversus

128 3651 222 3689 notare
232 3657 282 3690 nec
292 3641 466 3703 animus,nee
477 3641 560 3691 otium
570 3641 630 3690 fuit.
671 3630 852 3706 deprehensos
864 3634 963 3687 occidit
976 3656 982 3686 ε
1000 3654 1061 3687 reus
1074 3651 1113 3688 est
1129 3655 1177 3689 cae·

129 3721 631 3792 Dabuntveniamaequilectores‚immo
672 3715 720 3766 (lis.
735 3717 844 3769 Scuuuu.

131 3813 155 3850 et
165 3801 279 3870 gratiam
293 3799 327 3850 de
338 3799 468 3852 beneficio
479 3799 630 3851 habebunt:
710 3815 733 3847 2.
746 3797 797 3867 Qui
808 3796 956 3869 distingues.
969 3798 1062 3862 Forte,
1074 3799 1121 3870 qui
1132 3799 1179 3852 dis·

131 3895 236 3932 caeteros
252 3881 319 3932 nihil
331 3896 474 3933 moram.
487 3882 556 3934 Illud
569 3901 632 3934 vero
673 3878 774 3948 tinques
793 3876 880 3948 igitur,
900 3877 948 3948 qui
956 3874 1043 3946 fatere
1062 3877 1178 3931 occidisse

132 3959 273 4011 admonere
299 3961 384 4011 visum
408 3974 464 4022 est,
491 3963 516 4011 in
540 3963 634 4013 veteris
674 3955 1179 4026 adulteros.Senum-uipom.ea.in.

132 4039 286 4109 exemplaris
307 4040 383 4090 initio
409 4058 488 4090 unam
514 4053 635 4105 tantum,
675 4038 809 4106 terpungit
824 4034 886 4107 lege.
900 4036 954 4106 qui.
966 4038 1011 4087 Eu.

134 4132 177 4168 aut
185 4118 295 4170 alteram
304 4120 431 4189 paginam
444 4117 634 4184 desideratum,
712 4117 736 4167 3.
752 4117 840 4166 Liceat
857 4116 979 4167 occidere.
993 4117 1085 4180 Forte,
1103 4116 1177 4169 licet.-

135 4195 205 4264 quod
214 4211 241 4249 et
251 4198 459 4268 quaternionum
468 4198 541 4267 signa
550 4211 576 4248 et
586 4199 636 4251 De·
675 4195 730 4247 haec
744 4215 757 4248 a
771 4209 846 4267 parte
857 4195 947 4248 altera.
961 4199 1071 4250 Scitum.

1015 4302 1022 4332 t
1031 4324 1034 4331 .
