2626 4816
132 422 173 500 44
384 410 430 479 u.
455 413 581 479 reru
603 411 929 496 Qummurmr

130 537 190 610 sed
209 534 351 638 publica
370 535 610 607 humanitate:
634 558 710 631 quae
729 532 873 630 quidem
893 531 967 629 ipsa
984 529 1097 602 mein
1118 529 1176 602 hot

130 652 303 724 exliortata
324 671 393 739 est,
413 671 452 721 ut
475 648 690 747 rogationem
708 646 752 719 ad
768 673 827 718 vos
846 644 889 716 de
909 644 1095 717 retinendo
1113 643 1176 716 civr

128 767 257 839 ferrern
275 769 312 837 in
330 766 460 837 civitate
478 785 550 836 tam
568 762 802 836 misericorde.
816 765 955 860 Negant
968 759 1176 857 rogationem

131 909 202 953 esse
216 879 470 979 recipiendam,
489 905 565 976 quae
575 879 617 949 ad
631 876 787 977 singulos
799 876 964 948 homines
979 890 987 920 ¹
999 876 1174 975 pertineat

129 997 204 1092 Ego
221 1021 323 1094 porro
339 994 405 1065 hoc
420 995 455 1064 in
475 1022 515 1066 eo
531 994 626 1094 jure,
646 993 741 1090 quod
758 1013 983 1092 perpetuum,
999 1011 1033 1063 ct
1048 990 1086 1062 in
1106 1017 1176 1063 om·

130 1110 189 1181 nia
203 1130 358 1208 tempora
376 1110 554 1200 scribitur,
571 1109 730 1181 existimo
746 1134 819 1180 csso
834 1107 1055 1180 servandum.
1072 1111 1176 1180 Potes

131 1224 228 1296 enim
249 1223 318 1295 dici
337 1224 449 1314 mibi,
467 1225 693 1296 inhonorem
714 1223 870 1296 hominis
887 1223 992 1296 unius
1013 1221 1176 1322 obligabi

131 1357 291 1436 tempora
310 1340 446 1430 futura,
471 1360 504 1412 et
520 1366 643 1411 omnes
663 1339 785 1410 eadem
802 1339 1002 1411 necessitate
1019 1338 1176 1410 constriu

131 1480 200 1552 ges.
229 1457 352 1552 ltaque
378 1456 515 1554 quoties
537 1456 582 1527 ad
606 1481 755 1554 praesens
778 1454 1024 1526 tantummodo
1048 1476 1176 1554 tempi:

132 1569 263 1666 rogatio
284 1570 409 1659 fertur,
433 1597 477 1641 ne
498 1570 581 1641 ferri
604 1568 766 1667 quidem,
785 1568 854 1640 nisi
874 1568 916 1639 de
938 1567 1103 1667 singulis,
1122 1594 1176 1667 pt:

21 1754 41 1772 ‚
131 1702 205 1755 test.
228 1684 335 1774 Quod
353 1686 379 1757 si
395 1685 486 1757 hanc
507 1685 665 1758 tollimus
681 1682 989 1775 consuetudinem,
1005 1711 1070 1754 nec
1085 1683 1176 1755 duc·

132 1798 176 1869 ad
187 1800 352 1873 exercitus
363 1801 534 1873 ducemus
543 1816 569 1890 ²,
583 1827 647 1873 nec
655 1800 852 1900 provincias
863 1801 1110 1888 decernemus,
1124 1825 1176 1869 n·

120 1914 280 2015 ,imperia
298 1919 583 2017 prorogabi'mus:
603 1917 725 1990 omnia
746 1917 843 1988 enim
865 1916 930 1988 ista
952 1915 1176 2016 rogationibu

133 2032 178 2103 ad
206 2033 362 2130 singulos
384 2018 649 2134 pertinentibus
676 2027 986 2105 consummantur,
1012 2033 1058 2103 At
1092 2030 1176 2103 eni]

127 2169 252 2220 ¹contra
270 2149 383 2247 legem
401 2151 533 2250 rogatio
552 2172 620 2222 est:
637 2150 666 2221 si
681 2151 884 2242 confiterer,
901 2149 1055 2221 dicerem
1070 2169 1176 2221 tarne

133 2291 205 2337 non
221 2267 371 2339 ferendae
388 2269 574 2369 rogationis
592 2296 664 2341 esse
680 2294 841 2359 causam,
857 2268 919 2339 ubi
935 2268 990 2340 lex
1006 2287 1065 2340 est.
1092 2265 1176 2357 Qui

134 2383 231 2454 enim
250 2412 388 2457 necesse
404 2406 454 2458 est
468 2386 648 2460 convocari
664 2386 793 2476 tribus,
813 2384 972 2457 contrahi
991 2383 1176 2483 populum

134 2498 162 2570 si
178 2499 273 2571 idem
289 2502 379 2574 effici
392 2503 471 2604 jure
485 2524 610 2595 vetere,
623 2525 657 2577 et
669 2503 742 2603 jam
758 2502 845 2575 olim
858 2503 1048 2600 constituto
1060 2518 1176 2602 potest

134 2613 243 2712 Igitur
255 2615 283 2686 si
296 2616 428 2717 rogatio
443 2645 669 2719 supervacua,
686 2617 747 2690 ubi
763 2616 839 2690 lex³
853 2637 1010 2710 nonest,
1032 2605 1104 2688 non
1119 2617 1176 2688 fer

173 2784 195 2818 r.
211 2768 273 2836 Quor
284 2769 320 2821 ad
328 2769 444 2842 singulos
456 2770 574 2823 hornines
581 2787 639 2842 per·
682 2769 771 2821 adhuc
786 2768 934 2822 obscurus:
951 2786 1044 2822 sensus
1052 2780 1115 2833 est,
1129 2779 1176 2817 mc

135 2845 225 2897 tinent.
238 2849 300 2898 Fuit
312 2850 383 2899 enim
392 2849 434 2900 lex
443 2849 506 2915 Xll,
516 2866 549 2900 ne
558 2847 643 2917 privi-
683 2850 790 2922 quidem
800 2851 919 2922 judicio:
933 2853 986 2904 Lex
998 2864 1038 2904 est
1050 2869 1108 2924 quae
1119 2857 1176 2902 vett

135 2923 512 2998 lepiumirroqator.Caeterum
519 2927 642 2977 interver-
682 2932 849 3000 rogationem
865 2929 1069 3002 recipiendam,
1081 2948 1138 3001 quae
1160 2940 1174 2974 ³

134 3023 194 3056 sum
207 3001 329 3055 ordinem
343 3007 371 3056 in
386 3005 439 3057 hoc
454 3006 514 3057 loco
530 3023 586 3057 esse
600 3023 642 3055 ar·
683 3006 803 3077 singulos
819 3006 943 3061 homines
963 3010 1105 3080 pertineat.
1123 3009 1176 3058 ner

133 3083 233 3151 bitror,
248 3099 278 3136 ut
295 3085 359 3138 alias
376 3087 543 3157 plerumque.
560 3088 643 3156 Igitur
682 3085 723 3138 lex
732 3085 864 3158 alia,quae
872 3089 1002 3160 permittit
1012 3086 1128 3140 exsulem
1136 3097 1176 3136 ms

135 3163 285 3233 subjungo:
300 3165 388 3219 Potest
403 3167 473 3217 enim
490 3165 543 3217 dici
556 3163 640 3230 miti,
682 3185 746 3218 nere
760 3168 787 3217 in
803 3168 922 3232 civitate,
938 3168 977 3219 ita
991 3168 1013 3218 si
1027 3162 1176 3220 iudicaverit

135 3245 168 3296 In
183 3245 225 3297 bo.
240 3245 282 3297 lto.
293 3266 317 3297 v.
331 3246 392 3298 obli.
407 3257 438 3297 te.
446 3247 473 3320 f.
487 3255 512 3296 et
523 3264 546 3297 o.
560 3264 598 3297 ea.
611 3264 643 3296 ne
682 3246 785 3298 Dicitur
796 3243 852 3296 haec
865 3246 967 3315 rogatio
981 3258 1076 3297 contra
1088 3243 1176 3318 legemr

135 3324 299 3395 constringes.
312 3325 369 3397 Epo
381 3342 459 3396 porro
474 3322 522 3375 lroc
537 3323 564 3374 in
578 3342 608 3376 eo
615 3326 641 3396 j.
683 3337 739 3379 tum
755 3326 817 3396 quia
830 3345 906 3378 reum
920 3344 975 3378 non
992 3325 1177 3379 condemnare·

137 3422 162 3476 q.
169 3425 197 3476 p.
206 3417 231 3458 et
240 3405 298 3457 ino.
311 3417 328 3457 t.
341 3423 387 3466 scr.
396 3424 436 3457 ex.
447 3424 469 3457 e.
478 3404 642 3458 servandum.
683 3409 730 3474 rit,
743 3422 772 3460 et·
780 3421 810 3460 ut
821 3427 897 3479 equa
908 3407 1000 3460 tulerit
1012 3408 1152 3479 suffragia,
1163 3405 1176 3458 s*

44 3545 48 3553 ι
137 3484 174 3536 At
184 3485 301 3558 quoties,
312 3486 431 3536 etc.‘AEn.
683 3486 744 3539 ideo
764 3506 870 3540 manere
888 3505 950 3540 eum
969 3500 1092 3559 oportet,
1111 3482 1176 3538 adid

175 3581 198 3615 2.
210 3564 644 3632 Adexercitusducemus.rln,de·
685 3579 777 3618 contra
796 3565 880 3638 legem
899 3565 1036 3636 privilegio
1056 3583 1125 3638 opus
1140 3575 1175 3616 est

138 3645 258 3720 legemus.
272 3646 384 3698 Souutr.
400 3648 458 3711 An,
470 3646 598 3710 dicemus,
614 3658 644 3697 ut
684 3648 838 3721 Respondet
848 3661 978 3720 patronus
988 3646 1101 3712 exsulis,
1110 3659 1176 3717 atquc

137 3726 253 3779 dictator
267 3728 319 3780 dici
331 3726 443 3780 solebat.
458 3728 542 3780 Duces
556 3739 645 3779 autem
684 3730 721 3780 ita
732 3731 822 3781 refert.
835 3729 862 3782 si
873 3727 1025 3795 confiterer,
1037 3731 1071 3780 in
1079 3727 1133 3780 hoc
1143 3746 1176 3799 ge

137 3807 173 3859 ad
187 3807 312 3861 exercitus
325 3807 442 3874 dictum,
457 3820 486 3859 ut
501 3806 598 3859 militer
611 3808 647 3858 ad
685 3827 759 3873 nere,
771 3826 854 3878 quum
867 3826 926 3860 reus
935 3805 1176 3879 paribussenteutii

139 3906 233 3952 naves,
247 3902 272 3940 et
285 3889 394 3942 similia:
406 3887 459 3941 vid.
476 3889 594 3941 Gronov.
610 3887 645 3941 ad
686 3888 842 3952 absolvitur,
854 3888 972 3942 exsulem
987 3887 1120 3941 indicasse
1135 3906 1176 3941 nor

137 3969 196 4026 liv.
209 3971 296 4036 xxti,
309 3970 351 4038 14.
684 3970 864 4040 videri,atque
872 3969 939 4022 adeo
947 3971 1115 4042 rogationem
1121 3967 1176 4022 han

175 4051 200 4104 3.
212 4051 394 4126 Supervacua,
408 4051 451 4104 ubi
463 4051 514 4104 lex.
527 4053 646 4124 Corrup-
686 4066 782 4106 contra
803 4051 888 4122 legem
910 4069 984 4115 esse3
1003 4051 1090 4103 omnis
1111 4052 1176 4123 igitu

137 4132 253 4188 tissimus
270 4144 328 4188 erat
342 4132 386 4187 hic
401 4133 496 4203 locos,
513 4146 540 4187 et
555 4148 645 4188 tamen
686 4144 732 4187 aut
745 4150 910 4205 supervacua
920 4132 954 4184 sit
962 4148 1071 4186 necesse
1080 4143 1136 4200 est,
1146 4149 1176 4186 su
