2626 4816
357 351 958 451 uncuturvrouuscomv.
1142 388 1183 474 45

151 502 258 600 poterit
280 504 364 576 ferri
382 506 462 578 nisi
488 527 609 578 eontra
631 507 779 609 alicujus
802 508 1035 582 voluntatem:
1060 533 1093 584 et
1118 514 1184 586 boc

148 637 252 692 tamen
276 619 373 718 apud
395 647 483 719 quos
507 621 619 694 dicit?
647 623 747 695 video
765 624 866 702 ,enim
890 625 1184 724 praescriptionem

135 734 270 807 ¹excludi
285 762 384 835 posse
395 736 545 838 judicio.
562 741 607 808 At
618 738 655 808 in
669 740 772 811 rebus
786 740 898 839 parvis
913 767 953 812 ac
969 741 1184 838 periculosis,

138 848 198 922 ista
212 849 322 951 judex
345 851 496 951 recipiat.
522 855 694 926 Caeterum
717 855 861 953 quidem
884 856 1019 954 quoties
1041 855 1084 928 de
1104 857 1184 956 jure

111 974 121 988 ⁸
129 965 255 1064 populi
266 966 382 1066 agitur
391 968 485 1066 apud
496 968 689 1068 populum,
702 971 758 1041 cui
768 993 922 1062 mutare,
934 972 989 1042 cui
1001 973 1183 1071 abrogare,

131 1079 190 1151 cui
203 1083 294 1154 ferre
306 1110 391 1182 quas
403 1085 488 1175 velit
498 1086 606 1184 leges,
624 1086 780 1186 accipere
793 1113 879 1186 quas
894 1089 978 1159 velit
993 1089 1184 1188 rogationes

125 1191 249 1288 liceat,
272 1225 460 1296 nunquam
484 1202 611 1300 seipse
641 1202 828 1275 diminuet.
852 1203 1042 1292 Quomodo
1065 1226 1184 1277 tamen

130 1314 263 1411 rogatio
282 1314 347 1387 ista
363 1337 484 1389 contra
498 1317 613 1418 legem
629 1340 662 1391 et
680 1340 798 1392 contra
814 1320 1041 1393 commodum
1056 1350 1183 1415 suum,

132 1451 320 1528 contraque
337 1459 434 1521 eam,
459 1460 535 1530 quae
551 1435 647 1506 bunc
661 1435 698 1506 in
713 1436 874 1508 exsilium
887 1435 998 1508 misit:
1020 1465 1092 1509 non
1104 1440 1184 1537 jure

133 1568 237 1636 novo,
251 1545 311 1618 sed
319 1568 435 1620 vetere
447 1568 550 1646 atque
565 1550 652 1621 olim
669 1551 854 1622 constituto
870 1574 1023 1623 reversus
1036 1574 1099 1641 est,
1113 1580 1184 1624 ma-

135 1684 213 1731 nere
226 1660 330 1734 etiam
343 1663 428 1734 citra
442 1664 534 1736 bane
550 1664 768 1763 rogationem
782 1664 914 1763 potest?
932 1668 982 1736 De
995 1693 1065 1763 quo
1080 1667 1186 1763 prius

140 1802 239 1872 quam
251 1777 388 1876 loquar,
404 1780 597 1853 necessario
610 1780 716 1870 illud,
733 1781 828 1877 quod
843 1780 887 1857 ab
900 1781 1101 1852 adversariis
1115 1782 1184 1852 fre-

143 1890 357 1986 quentissime
381 1895 556 1995 objectum
574 1915 641 1982 est,
670 1895 922 1995 depellendum
942 1895 1087 1967 videtur.
1111 1897 1185 1967 Cur

147 2002 238 2096 enirn,
246 2005 427 2104 inquiunt,
441 2008 468 2080 si
477 2035 659 2082 remanere
668 2037 731 2081 suo
734 2010 815 2111 jure
824 2030 968 2109 poterat,
980 2009 1184 2108 exspectavit

148 2121 367 2219 rogationem?
383 2127 432 2196 Ut
448 2125 658 2198 verecundia
673 2126 704 2198 ei
720 2125 806 2197 adeo
822 2125 912 2197 nibil
927 2126 1022 2224 apud
1038 2153 1095 2198 vos
1112 2153 1185 2224 pro·

150 2231 194 2325 tit,
213 2259 251 2309 ut
271 2237 377 2310 etiam
397 2239 434 2310 in
452 2267 555 2313 causa
576 2240 773 2339 plurimum
796 2261 936 2313 noceat:
961 2261 1041 2312 ante
1061 2242 1185 2315 omnia

151 2371 207 2421 non
226 2351 335 2423 miror
361 2353 546 2428 hominem
566 2355 701 2457 judicia
727 2357 826 2430 toties
851 2356 1034 2428 infeliciter
1061 2384 1184 2457 exper-

152 2480 224 2557 tum,
243 2487 293 2539 tot
308 2467 497 2557 incivitate
513 2470 675 2542 inimicos
696 2471 907 2560 habentem,
929 2470 1019 2543 nibil
1037 2493 1184 2545 tentasse

152 2665 265 2717 contraria
280 2665 394 2737 legibus.
411 2667 598 2739 Supervacua,
615 2669 638 2718 si
678 2667 746 2732 dice,
758 2669 804 2738 qui
815 2670 968 2739 praescripta
978 2685 993 2718 a
1005 2679 1118 2737 praetore
1131 2667 1184 2716 for·

151 2735 267 2798 luendo
279 2767 311 2800 ea
323 2750 381 2821 ipsa
393 2769 435 2816 re,
448 2751 480 2802 de
494 2769 546 2822 qua
559 2735 638 2819 roga·
676 2745 748 2796 mula
756 2745 875 2814 judicat,
887 2745 960 2796 exsul
971 2758 1107 2814 tamquam
1118 2762 1185 2814 prae-

143 2827 182 2898 ’ψ
194 2826 315 2897 populus.
334 2828 361 2880 si
379 2828 421 2882 lex
437 2849 493 2882 non
509 2842 563 2896 est,
583 2822 636 2880 lioc
677 2828 1022 2902 scriptioneet'exceptione
1034 2825 1184 2879 submoveri

151 2893 193 2977 lpto
202 2904 277 2958 alicui
287 2905 341 2977 legi
347 2911 499 2974 contraria,
510 2911 571 2981 qnia
581 2910 638 2979 pri·
676 2920 782 2977 posset,
791 2908 821 2959 Si
831 2927 884 2958 non
895 2919 938 2959 tau
950 2906 1050 2978 roqatio
1062 2922 1184 2975 superva-

151 2978 253 3054 vilegium
266 2989 409 3057 irrogatur.
425 2988 477 3040 Sed
490 2988 545 3040 baec
556 3006 636 3058 roga·
676 3001 778 3041 cuaout
786 2989 838 3064 lepi
847 2989 978 3042 contraria
986 2998 1030 3039 est.
1040 2986 1091 3040 Sed
1099 3006 1184 3059 quum

150 3056 176 3110 ¹50
190 3081 235 3117 nec
253 3085 420 3138 supervacua
440 3081 496 3132 est,
514 3068 576 3120 licet
595 3067 636 3118 lex
677 3068 710 3119 de
719 3069 779 3136 jure
791 3067 888 3138 populi
899 3065 972 3137 apud
981 3066 1111 3137 populum
1119 3084 1183 3136 aga·

93 3184 95 3191 .
149 3143 228 3216 ttripta
240 3149 289 3216 sit,
301 3161 332 3200 ut
343 3148 452 3200 docebit
463 3149 546 3220 paulo
559 3161 636 3219 post:
677 3161 878 3220 tur,nunquam
891 3151 984 3219 seipse
995 3151 1030 3199 ita
1041 3147 1183 3214 diminuet,

93 3238 95 3243 ·
147 3235 184 3276 trec
194 3229 216 3278 ei
227 3228 279 3300 legi
291 3232 438 3296 contraria,
450 3248 508 3300 quae
519 3231 637 3300 rogatio·
678 3226 730 3279 boc
747 3242 802 3293 est,
817 3246 955 3299 nunquam
971 3228 1053 3292 feret,
1071 3240 1100 3279 ut
1114 3245 1182 3297 prae-

146 3317 193 3358 nem
207 3309 241 3362 ad
257 3311 377 3381 singulos
395 3313 572 3382 pertinentem
592 3328 637 3361 re·
677 3312 821 3380 scriptione
830 3309 949 3361 solvatur
958 3308 1010 3360 boc
1014 3306 1146 3381 judicium
1156 3319 1183 3358 et

146 3383 187 3456 cipi
194 3401 277 3455 vetat,
290 3391 352 3461 quia
363 3389 522 3460 adpraesens
533 3402 636 3458 tempus
678 3388 895 3441 translationibus
906 3390 1042 3438 minuatur
1051 3387 1106 3455 ejus
1117 3403 1182 3436 airc-

145 3465 316 3519 antummodo
341 3469 441 3534 fertur,
467 3486 522 3519 non
546 3480 576 3518 ut
602 3465 637 3518 ad
677 3467 839 3518 toritaszvel
852 3466 886 3537 (si
897 3466 986 3537 placet
997 3465 1049 3515 hoc
1063 3464 1097 3514 ad
1106 3483 1182 3514 ersu-

145 3549 280 3619 txemplum
290 3548 421 3615 trahatur,
432 3562 458 3600 et
465 3548 530 3618 legis
540 3566 637 3619 perpe·
677 3550 729 3603 lem
737 3549 846 3614 referre)
860 3566 997 3617 nunquam
1007 3545 1074 3597 adeo
1083 3544 1181 3614 dejure

143 3632 184 3676 tua
196 3625 257 3679 loco
274 3627 414 3698 sitaquod
430 3641 574 3698 utrumque
591 3645 636 3677 ro·
677 3646 726 3680 suo
739 3625 865 3692 decedet,
878 3639 907 3676 ut
917 3645 971 3676 non
984 3623 1130 3675 secundum
1145 3622 1182 3675 le-

142 3703 243 3770 gationis
252 3703 433 3776 appellatione
443 3703 635 3770 contineri,vel
676 3727 736 3780 gem
747 3726 803 3760 esse
816 3707 885 3758 banc
896 3707 1061 3776 rogationem
1073 3706 1180 3755 omnino

142 3799 168 3835 ex
176 3787 232 3856 ipso
245 3786 394 3852 Gellio,x,
405 3805 454 3852 20,
465 3787 636 3837 manifestum
677 3787 802 3850 affirmet,
823 3787 984 3854 minimeque
1003 3784 1181 3855 superfluam:

140 3877 180 3917 eat.
188 3869 219 3919 Et
226 3868 278 3921 hoc
287 3880 375 3918 tamen
383 3867 423 3919 vel
432 3885 636 3937 supervacuam,
676 3887 754 3920 nemo
768 3869 838 3918 enirn
851 3880 903 3918 tarn
916 3865 1024 3918 demens
1036 3867 1112 3916 fuerit
1127 3865 1181 3934 (in-

141 3945 175 3996 t'al
185 3946 263 4000 alicui
276 3948 330 4018 legi
344 3949 504 3999 contrariam
518 3951 636 4018 rogatio·
677 3947 1180 4021 quitFabius)utidquodliqmisaimum

135 4018 636 4103 ¹uemtasst2,atptrthuotthicdiciturilt'a
676 4028 780 4081 duxerit
799 4049 827 4081 se
844 4028 959 4085 habere,
976 4030 1092 4078 remittat
1107 4039 1133 4078 et
1146 4024 1180 4076 ad

140 4107 333 4170 avinionensis
344 4110 367 4162 ti
376 4107 408 4163 lis
419 4121 487 4165 cavet
498 4127 589 4162 coram
595 4110 637 4178 ju·
676 4109 774 4163 leviora
784 4107 963 4161 transcendat.
977 4107 1067 4159 AEnon.
