2626 4816
134 424 173 464 nn
384 403 430 465 Μ.
455 402 582 467 FABll
605 401 926 483 QUINTlltlANl

564 633 746 698 SERMO.

176 806 255 871 Haec
270 807 340 871 fere
355 821 433 871 sunt
446 830 521 896 quae
536 808 570 871 in
584 807 732 874 themate
748 824 825 873 sunt
842 809 979 896 posint
992 806 1038 881 Ut
1054 809 1181 898 impru*

131 910 213 978 dens
221 910 381 978 occidisse
389 908 552 992 videatur,
562 928 804 1009 supepacuum
813 912 921 978 habeo
932 928 1082 1002 qnaerere
1090 912 1183 1004 quid·

130 1040 230 1106 quem
243 1016 286 1082 de
298 1019 409 1084 animo
419 1019 522 1100 illins,
536 1022 686 1110 quamvis
700 1021 784 1087 duos
798 1019 967 1086 occident.

128 1307 860 1330 ΝἊΜἏΜᾺΜἋΜΛΛΜΝΝΙΛΝἉΜΜΊΜΙΜΜΛ
864 1308 1183 1330 ΜῚΜΜΜΜΜᾺ

530 1520 780 1610 CCXLIX.

424 1777 601 1852 Abolitio²
619 1777 768 1850 adulteri
772 1780 890 1878 fortis.

130 1986 176 2045 Nn
191 2003 298 2044 tieem
313 2003 378 2044 cun
393 2001 554 2042 mmmm
568 2001 687 2041 nmmo
700 1999 815 2056 nomn,
830 1975 892 2042 nisi
905 2003 996 2044 nnius
1010 2003 1075 2042 cun
1088 2003 1185 2043 innt-

166 2094 249 2141 'mmo
258 2092 379 2141 bonnm.
390 2080 492 2159 Coepit
506 2098 597 2158 agere
606 2079 735 2137 maritus
751 2098 823 2136 cum
837 2100 890 2155 eo,
901 2090 994 2160 q'uem
1008 2076 1186 2140 adulterum

170 2199 235 2240 esse
260 2178 394 2239 dicebat.
414 2175 535 2236 Bellum
557 2175 677 2235 incidit.
701 2177 785 2236 Inter
804 2196 910 2236 moras
929 2175 1040 2258 judicii
1060 2176 1188 2238 fortiter

170 2285 290 2358 pugnat
307 2275 335 2333 is
345 2267 359 2349 ,'
372 2273 427 2354 qni
444 2272 665 2332 accusabatur:
687 2273 764 2352 petit
784 2275 904 2354 praemii
927 2275 1056 2334 nomine
1074 2274 1187 2353 judicii

171 2373 393 2446 abolitionem,
406 2372 592 2452 impetravit.
603 2369 680 2431 Vult
692 2391 782 2452 agere
794 2392 866 2431 cum
879 2371 1036 2447 adultere,
1049 2367 1135 2432 cnss

565 2548 762 2659 senno.-

174 2745 225 2806 An
237 2760 371 2828 semper
382 2761 461 2804 cum
471 2736 624 2802 adultero
637 2738 729 2826 prius
741 2758 839 2826 agere
851 2738 1063 2802 accessesit?
1076 2754 1119 2802 an
1126 2738 1187 2804 bie

131 2847 257 2935 egent?
273 2868 315 2910 an
336 2844 454 2924 etiam,
471 2844 498 2908 si
517 2842 599 2931 quid
617 2841 727 2908 defuit
741 2843 881 2922 actioni,
899 2843 1058 2930 quoniam
1072 2858 1187 2910 temen

130 2952 266 3040 publico
278 2950 409 3042 judicio
423 2951 649 3035 interceptum
662 2964 712 3023 est
719 2946 744 3027 4,
758 2971 827 3012 non
839 2947 962 3016 debeat
971 2948 1072 3040 hujus
1084 2954 1187 3017 ectio·

128 3058 228 3125 nibus
250 3057 394 3122 nocere?
416 3077 491 3145 quae
512 3077 607 3120 mens
628 3054 731 3120 fuerit
748 3055 924 3142 praemium
941 3055 1050 3122 dantis
1071 3058 1186 3147 reipu-

128 3165 246 3231 blicae?
261 3181 374 3229 utrum
388 3163 446 3229 uni
458 3162 676 3229 abolitionem
685 3162 817 3254 judicii,
830 3187 873 3228 an
886 3188 947 3254 per
959 3166 1187 3256 conjecturam

130 3270 328 3363 utriusque⁵
341 3274 375 3337 et‘
388 3270 548 3336 adulterae
563 3269 715 3336 dederit?
728 3271 902 3338 Summum
915 3272 1007 3365 quod
1023 3274 1059 3338 in
1076 3277 1185 3341 omni-

129 3377 193 3444 bus
206 3377 438 3445 controversiis
454 3393 518 3457 est,
531 3393 645 3442 utrum
660 3378 788 3468 aequius
800 3378 863 3443 sit?

171 3617 193 3650 ι.
213 3600 279 3652 Sunt
295 3597 389 3670 posita.
415 3597 457 3650 Ut.
479 3598 562 3668 Lege,
577 3611 641 3651 sunt
715 3596 740 3664 4.
754 3596 930 3671 Intereeptum
949 3611 992 3651 est
1011 3599 1068 3662 An,
1085 3601 1183 3671 reipub.

130 3679 229 3751 posita,
247 3689 277 3729 nt
294 3676 451 3750 imprudens.
471 3677 538 3730 Pith.
557 3678 638 3729 etita
670 3678 774 3752 judicio
792 3679 966 3732 interventum
983 3691 1032 3747 est,
1053 3699 1124 3732 nunc
1141 3682 1186 3733 de·

131 3758 259 3813 Obrecht.
392 3830 394 3835 ·
448 3827 451 3833 ἱ
630 3756 633 3761 “
678 3760 749 3827 beat,
767 3761 836 3811 utin
854 3761 914 3831 ipsa
928 3760 1002 3811 Decl.
1018 3759 1186 3830 «Republica

168 3834 635 3890 2.Abolitio.ConferDeclamation.
681 3842 923 3894 uinterveniente.»
956 3854 982 3892 et
1008 3842 1044 3893 ita
1072 3840 1184 3894 interve-

130 3912 286 3975 CCCLXXI.
678 3923 765 3974 niente
768 3921 839 3993 fato.

168 4003 192 4055 3.
205 4002 256 4055 OD.
268 3999 300 4052 ld
310 4012 363 4066 est,
375 4000 569 4056 contradicitur.
576 4002 636 4056 Vid.
715 4003 739 4056 5.
765 4003 818 4054 Per
837 4005 1013 4075 conjecturam
1039 4004 1182 4077 utrimque.

133 4083 168 4138 ad
177 4083 296 4138 nectam.
310 4081 415 4138 CCLIV.
679 4083 783 4150 Malim,
795 4083 917 4157 utrisque.
929 4084 1003 4135 Ριτιι.
