<?xml version="1.0" encoding="UTF-8"?>
<!DOCTYPE html PUBLIC "-//W3C//DTD XHTML 1.0 Transitional//EN"
    "http://www.w3.org/TR/xhtml1/DTD/xhtml1-transitional.dtd">
<html xmlns="http://www.w3.org/1999/xhtml" xml:lang="en" lang="en">
 <head>
  <title>
</title>
<meta http-equiv="Content-Type" content="text/html;charset=utf-8" />
  <meta name='ocr-system' content='tesseract 3.04.00' />
  <meta name='ocr-capabilities' content='ocr_page ocr_carea ocr_par ocr_line ocrx_word'/>
</head>
<body>
  <div class='ocr_page' id='page_1' title='image "bibliothecaclas32lemagoog_0050.png"; bbox 0 0 2626 4816; ppageno 0'>
   <div class='ocr_carea' id='block_1_1' title="bbox 275 434 1095 508">
    <p class='ocr_par' dir='ltr' id='par_1_1' title="bbox 275 434 1095 508">
     <span class='ocr_line' id='line_1_1' title="bbox 275 434 1095 508; baseline 0.01 -8"><span class='ocrx_word' id='word_1_1' title='bbox 275 434 695 500; x_wconf 77' lang='lat' dir='ltr'>DECLAMATIONES.</span> <span class='ocrx_word' id='word_1_2' title='bbox 719 436 862 503; x_wconf 88' lang='lat' dir='ltr'>CCLII.</span> <span class='ocrx_word' id='word_1_3' title='bbox 1054 442 1095 508; x_wconf 81' lang='lat'>35</span> 
     </span>
    </p>
   </div>
   <div class='ocr_carea' id='block_1_2' title="bbox 10 559 1108 2857">
    <p class='ocr_par' dir='ltr' id='par_1_2' title="bbox 10 559 1108 2857">
     <span class='ocr_line' id='line_1_2' title="bbox 10 559 1096 655; baseline 0.006 -25"><span class='ocrx_word' id='word_1_4' title='bbox 10 650 12 655; x_wconf 23' lang='grc' dir='ltr'>Ι</span> <span class='ocrx_word' id='word_1_5' title='bbox 55 559 206 631; x_wconf 86' lang='lat' dir='ltr'>maleficii</span> <span class='ocrx_word' id='word_1_6' title='bbox 229 559 296 632; x_wconf 90' lang='lat' dir='ltr'>reis</span> <span class='ocrx_word' id='word_1_7' title='bbox 315 559 458 632; x_wconf 91' lang='lat' dir='ltr'>nullum</span> <span class='ocrx_word' id='word_1_8' title='bbox 481 560 668 633; x_wconf 86' lang='lat' dir='ltr'><strong>discrimen</strong></span> <span class='ocrx_word' id='word_1_9' title='bbox 690 587 761 632; x_wconf 89' lang='lat' dir='ltr'>esse</span> <span class='ocrx_word' id='word_1_10' title='bbox 779 581 965 634; x_wconf 89' lang='lat' dir='ltr'>servatum.</span> <span class='ocrx_word' id='word_1_11' title='bbox 988 566 1096 637; x_wconf 90' lang='lat' dir='ltr'>Sum-</span> 
     </span>
     <span class='ocr_line' id='line_1_3' title="bbox 57 674 1096 775; baseline 0.007 -28"><span class='ocrx_word' id='word_1_12' title='bbox 57 674 138 748; x_wconf 87' lang='lat' dir='ltr'>misit</span> <span class='ocrx_word' id='word_1_13' title='bbox 147 675 277 774; x_wconf 89' lang='lat' dir='ltr'>aliquis</span> <span class='ocrx_word' id='word_1_14' title='bbox 285 697 474 775; x_wconf 87' lang='lat' dir='ltr'>raptorem:</span> <span class='ocrx_word' id='word_1_15' title='bbox 489 674 696 774; x_wconf 88' lang='lat' dir='ltr'>inscriptum</span> <span class='ocrx_word' id='word_1_16' title='bbox 707 675 923 748; x_wconf 88' lang='lat' dir='ltr'>maleficium</span> <span class='ocrx_word' id='word_1_17' title='bbox 935 699 998 748; x_wconf 89' lang='lat' dir='ltr'>est:</span> <span class='ocrx_word' id='word_1_18' title='bbox 1011 681 1096 775; x_wconf 93' lang='lat' dir='ltr'>quid</span> 
     </span>
     <span class='ocr_line' id='line_1_4' title="bbox 59 789 1108 892; baseline 0.003 -29"><span class='ocrx_word' id='word_1_19' title='bbox 59 817 150 892; x_wconf 85' lang='lat' dir='ltr'>poenae</span> <span class='ocrx_word' id='word_1_20' title='bbox 163 790 342 892; x_wconf 88' lang='lat' dir='ltr'>adjicitur,</span> <span class='ocrx_word' id='word_1_21' title='bbox 356 789 453 890; x_wconf 93' lang='lat' dir='ltr'>quod</span> <span class='ocrx_word' id='word_1_22' title='bbox 465 791 628 863; x_wconf 88' lang='lat' dir='ltr'>adversus</span> <span class='ocrx_word' id='word_1_23' title='bbox 643 792 855 890; x_wconf 90' lang='lat' dir='ltr'>petitricem,</span> <span class='ocrx_word' id='word_1_24' title='bbox 871 792 967 890; x_wconf 93' lang='lat' dir='ltr'>quod</span> <span class='ocrx_word' id='word_1_25' title='bbox 980 793 1108 866; x_wconf 55' lang='lat' dir='ltr'>adver?</span> 
     </span>
     <span class='ocr_line' id='line_1_5' title="bbox 61 903 1096 1006; baseline 0.004 -28"><span class='ocrx_word' id='word_1_26' title='bbox 61 933 104 979; x_wconf 86' lang='lat' dir='ltr'>sus</span> <span class='ocrx_word' id='word_1_27' title='bbox 118 932 213 994; x_wconf 88' lang='lat' dir='ltr'>eam,</span> <span class='ocrx_word' id='word_1_28' title='bbox 239 931 317 1004; x_wconf 85' lang='lat' dir='ltr'>quae</span> <span class='ocrx_word' id='word_1_29' title='bbox 337 903 589 996; x_wconf 83' lang='lat' dir='ltr'>sacerdotium,</span> <span class='ocrx_word' id='word_1_30' title='bbox 620 926 659 977; x_wconf 92' lang='lat' dir='ltr'>ut</span> <span class='ocrx_word' id='word_1_31' title='bbox 680 904 765 996; x_wconf 83' lang='lat' dir='ltr'>dixi,</span> <span class='ocrx_word' id='word_1_32' title='bbox 779 905 855 1006; x_wconf 91' lang='lat' dir='ltr'>jam</span> <span class='ocrx_word' id='word_1_33' title='bbox 880 934 989 1006; x_wconf 86' lang='lat' dir='ltr'>prope</span> <span class='ocrx_word' id='word_1_34' title='bbox 1004 935 1096 982; x_wconf 91' lang='lat' dir='ltr'>acce·</span> 
     </span>
     <span class='ocr_line' id='line_1_6' title="bbox 61 1020 1095 1121; baseline 0.004 -28"><span class='ocrx_word' id='word_1_35' title='bbox 61 1021 160 1121; x_wconf 85' lang='lat' dir='ltr'>perat?</span> <span class='ocrx_word' id='word_1_36' title='bbox 173 1041 313 1094; x_wconf 91' lang='lat' dir='ltr'>tantum</span> <span class='ocrx_word' id='word_1_37' title='bbox 329 1021 436 1093; x_wconf 89' lang='lat' dir='ltr'>etiam</span> <span class='ocrx_word' id='word_1_38' title='bbox 450 1020 488 1093; x_wconf 92' lang='lat' dir='ltr'>in</span> <span class='ocrx_word' id='word_1_39' title='bbox 504 1020 587 1121; x_wconf 87' lang='lat' dir='ltr'>ipsis</span> <span class='ocrx_word' id='word_1_40' title='bbox 602 1020 780 1120; x_wconf 82' lang='lat' dir='ltr'>suppliciis</span> <span class='ocrx_word' id='word_1_41' title='bbox 795 1022 975 1094; x_wconf 89' lang='lat' dir='ltr'>habiturus</span> <span class='ocrx_word' id='word_1_42' title='bbox 991 1023 1095 1115; x_wconf 91' lang='lat' dir='ltr'>lucri,</span> 
     </span>
     <span class='ocr_line' id='line_1_7' title="bbox 61 1135 1097 1239; baseline 0.005 -31"><span class='ocrx_word' id='word_1_43' title='bbox 61 1138 87 1208; x_wconf 92' lang='lat' dir='ltr'>in</span> <span class='ocrx_word' id='word_1_44' title='bbox 102 1137 312 1237; x_wconf 89' lang='lat' dir='ltr'>compendio</span> <span class='ocrx_word' id='word_1_45' title='bbox 332 1158 510 1228; x_wconf 85' lang='lat' dir='ltr'>numeret,</span> <span class='ocrx_word' id='word_1_46' title='bbox 528 1136 624 1235; x_wconf 91' lang='lat' dir='ltr'>quod</span> <span class='ocrx_word' id='word_1_47' title='bbox 646 1136 726 1235; x_wconf 86' lang='lat' dir='ltr'>plus</span> <span class='ocrx_word' id='word_1_48' title='bbox 742 1135 929 1210; x_wconf 79' lang='lat' dir='ltr'>malefecit.</span> <span class='ocrx_word' id='word_1_49' title='bbox 947 1138 1097 1239; x_wconf 85' lang='lat' dir='ltr'>Reliqua</span> 
     </span>
     <span class='ocr_line' id='line_1_8' title="bbox 59 1245 1095 1354; baseline 0.002 -29"><span class='ocrx_word' id='word_1_50' title='bbox 59 1280 116 1328; x_wconf 87' lang='lat' dir='ltr'>una</span> <span class='ocrx_word' id='word_1_51' title='bbox 137 1245 281 1351; x_wconf 83' lang='lat' dir='ltr'>quaestio</span> <span class='ocrx_word' id='word_1_52' title='bbox 300 1273 370 1346; x_wconf 89' lang='lat' dir='ltr'>est,</span> <span class='ocrx_word' id='word_1_53' title='bbox 392 1281 437 1325; x_wconf 89' lang='lat' dir='ltr'>an</span> <span class='ocrx_word' id='word_1_54' title='bbox 459 1255 545 1342; x_wconf 92' lang='lat' dir='ltr'>hoc,</span> <span class='ocrx_word' id='word_1_55' title='bbox 569 1253 666 1352; x_wconf 92' lang='lat' dir='ltr'>quod</span> <span class='ocrx_word' id='word_1_56' title='bbox 684 1252 797 1324; x_wconf 88' lang='lat' dir='ltr'>filiam</span> <span class='ocrx_word' id='word_1_57' title='bbox 819 1280 936 1325; x_wconf 90' lang='lat' dir='ltr'>meam</span> <span class='ocrx_word' id='word_1_58' title='bbox 957 1256 1095 1354; x_wconf 84' lang='lat' dir='ltr'>rapuit,</span> 
     </span>
     <span class='ocr_line' id='line_1_9' title="bbox 59 1368 1095 1470; baseline 0 -28"><span class='ocrx_word' id='word_1_59' title='bbox 59 1371 139 1468; x_wconf 91' lang='lat' dir='ltr'>quod</span> <span class='ocrx_word' id='word_1_60' title='bbox 158 1370 218 1443; x_wconf 93' lang='lat' dir='ltr'>illo</span> <span class='ocrx_word' id='word_1_61' title='bbox 235 1391 412 1470; x_wconf 90' lang='lat' dir='ltr'>tempore,</span> <span class='ocrx_word' id='word_1_62' title='bbox 429 1370 526 1470; x_wconf 91' lang='lat' dir='ltr'>quod</span> <span class='ocrx_word' id='word_1_63' title='bbox 547 1391 624 1469; x_wconf 93' lang='lat' dir='ltr'>post</span> <span class='ocrx_word' id='word_1_64' title='bbox 644 1369 735 1440; x_wconf 92' lang='lat' dir='ltr'>illud</span> <span class='ocrx_word' id='word_1_65' title='bbox 756 1368 878 1468; x_wconf 88' lang='lat' dir='ltr'>populi</span> <span class='ocrx_word' id='word_1_66' title='bbox 896 1369 1095 1469; x_wconf 87' lang='lat' dir='ltr'>judicium,</span> 
     </span>
     <span class='ocr_line' id='line_1_10' title="bbox 59 1484 1097 1583; baseline 0.002 -26"><span class='ocrx_word' id='word_1_67' title='bbox 59 1486 188 1559; x_wconf 90' lang='lat' dir='ltr'>credatis</span> <span class='ocrx_word' id='word_1_68' title='bbox 209 1513 283 1558; x_wconf 92' lang='lat' dir='ltr'>non</span> <span class='ocrx_word' id='word_1_69' title='bbox 304 1513 325 1556; x_wconf 90' lang='lat' dir='ltr'>a</span> <span class='ocrx_word' id='word_1_70' title='bbox 350 1485 455 1556; x_wconf 86' lang='lat' dir='ltr'>divite</span> <span class='ocrx_word' id='word_1_71' title='bbox 480 1486 656 1556; x_wconf 85' lang='lat' dir='ltr'>ellectum.</span> <span class='ocrx_word' id='word_1_72' title='bbox 684 1484 783 1555; x_wconf 90' lang='lat' dir='ltr'>Nihil</span> <span class='ocrx_word' id='word_1_73' title='bbox 808 1485 1028 1583; x_wconf 78' lang='lat' dir='ltr'>argumenti¹</span> <span class='ocrx_word' id='word_1_74' title='bbox 1056 1513 1097 1559; x_wconf 91' lang='lat' dir='ltr'>ex</span> 
     </span>
     <span class='ocr_line' id='line_1_11' title="bbox 58 1598 1097 1698; baseline 0.002 -27"><span class='ocrx_word' id='word_1_75' title='bbox 58 1601 199 1673; x_wconf 88' lang='lat' dir='ltr'>moribus</span> <span class='ocrx_word' id='word_1_76' title='bbox 221 1600 318 1673; x_wconf 87' lang='lat' dir='ltr'>istius</span> <span class='ocrx_word' id='word_1_77' title='bbox 340 1600 486 1692; x_wconf 89' lang='lat' dir='ltr'>ducam,</span> <span class='ocrx_word' id='word_1_78' title='bbox 507 1601 640 1673; x_wconf 86' lang='lat' dir='ltr'>etiamsi</span> <span class='ocrx_word' id='word_1_79' title='bbox 655 1598 768 1698; x_wconf 87' lang='lat' dir='ltr'>qualis</span> <span class='ocrx_word' id='word_1_80' title='bbox 785 1599 846 1688; x_wconf 92' lang='lat' dir='ltr'>sit,</span> <span class='ocrx_word' id='word_1_81' title='bbox 864 1626 972 1698; x_wconf 89' lang='lat' dir='ltr'>quam</span> <span class='ocrx_word' id='word_1_82' title='bbox 988 1600 1097 1673; x_wconf 87' lang='lat' dir='ltr'>disso-</span> 
     </span>
     <span class='ocr_line' id='line_1_12' title="bbox 58 1715 1096 1816; baseline 0.004 -30"><span class='ocrx_word' id='word_1_83' title='bbox 58 1715 153 1810; x_wconf 83' lang='lat' dir='ltr'>lutus,</span> <span class='ocrx_word' id='word_1_84' title='bbox 169 1744 279 1816; x_wconf 90' lang='lat' dir='ltr'>quam</span> <span class='ocrx_word' id='word_1_85' title='bbox 289 1718 488 1789; x_wconf 86' lang='lat' dir='ltr'>luxuriosus</span> <span class='ocrx_word' id='word_1_86' title='bbox 499 1743 538 1788; x_wconf 90' lang='lat' dir='ltr'>ac</span> <span class='ocrx_word' id='word_1_87' title='bbox 551 1716 724 1816; x_wconf 89' lang='lat' dir='ltr'>perditus,</span> <span class='ocrx_word' id='word_1_88' title='bbox 739 1715 936 1814; x_wconf 77' lang='lat' dir='ltr'>argumenti</span> <span class='ocrx_word' id='word_1_89' title='bbox 948 1716 1028 1787; x_wconf 88' lang='lat' dir='ltr'>satis</span> <span class='ocrx_word' id='word_1_90' title='bbox 1042 1718 1096 1790; x_wconf 87' lang='lat' dir='ltr'>vel</span> 
     </span>
     <span class='ocr_line' id='line_1_13' title="bbox 59 1832 1097 1933; baseline 0 -28"><span class='ocrx_word' id='word_1_91' title='bbox 59 1860 115 1906; x_wconf 89' lang='lat' dir='ltr'>uno</span> <span class='ocrx_word' id='word_1_92' title='bbox 129 1855 339 1932; x_wconf 79' lang='lat' dir='ltr'>argumento</span> <span class='ocrx_word' id='word_1_93' title='bbox 353 1832 492 1933; x_wconf 90' lang='lat' dir='ltr'>probari</span> <span class='ocrx_word' id='word_1_94' title='bbox 508 1833 637 1932; x_wconf 87' lang='lat' dir='ltr'>potuit:</span> <span class='ocrx_word' id='word_1_95' title='bbox 651 1833 840 1932; x_wconf 86' lang='lat' dir='ltr'>parasitum</span> <span class='ocrx_word' id='word_1_96' title='bbox 851 1832 987 1904; x_wconf 86' lang='lat' dir='ltr'>habuit.</span> <span class='ocrx_word' id='word_1_97' title='bbox 1002 1837 1097 1907; x_wconf 89' lang='lat' dir='ltr'>Inter</span> 
     </span>
     <span class='ocr_line' id='line_1_14' title="bbox 58 1944 1095 2048; baseline 0.004 -31"><span class='ocrx_word' id='word_1_98' title='bbox 58 1944 131 2040; x_wconf 83' lang='lat' dir='ltr'>ltaec,</span> <span class='ocrx_word' id='word_1_99' title='bbox 153 1969 195 2020; x_wconf 92' lang='lat' dir='ltr'>ut</span> <span class='ocrx_word' id='word_1_100' title='bbox 215 1948 359 2048; x_wconf 88' lang='lat' dir='ltr'>opinor,</span> <span class='ocrx_word' id='word_1_101' title='bbox 383 1947 495 2047; x_wconf 87' lang='lat' dir='ltr'>posita</span> <span class='ocrx_word' id='word_1_102' title='bbox 511 1967 560 2020; x_wconf 88' lang='lat' dir='ltr'>est</span> <span class='ocrx_word' id='word_1_103' title='bbox 577 1947 754 2046; x_wconf 77' lang='lat' dir='ltr'>religionis</span> <span class='ocrx_word' id='word_1_104' title='bbox 768 1969 886 2019; x_wconf 82' lang='lat' dir='ltr'>vestrae</span> <span class='ocrx_word' id='word_1_105' title='bbox 901 1950 1095 2041; x_wconf 90' lang='lat' dir='ltr'>cunctatio,</span> 
     </span>
     <span class='ocr_line' id='line_1_15' title="bbox 57 2049 1095 2164; baseline 0.003 -31"><span class='ocrx_word' id='word_1_106' title='bbox 57 2060 188 2160; x_wconf 87' lang='lat' dir='ltr'>judices,</span> <span class='ocrx_word' id='word_1_107' title='bbox 210 2084 253 2135; x_wconf 96' lang='lat' dir='ltr'>ut</span> <span class='ocrx_word' id='word_1_108' title='bbox 266 2063 476 2164; x_wconf 87' lang='lat' dir='ltr'>dispiciatis,</span> <span class='ocrx_word' id='word_1_109' title='bbox 494 2086 614 2137; x_wconf 92' lang='lat' dir='ltr'>utrum</span> <span class='ocrx_word' id='word_1_110' title='bbox 635 2062 802 2162; x_wconf 87' lang='lat' dir='ltr'>parasitus</span> <span class='ocrx_word' id='word_1_111' title='bbox 816 2049 1095 2155; x_wconf 76' lang='lat' dir='ltr'>sua&#39;voluntate,</span> 
     </span>
     <span class='ocr_line' id='line_1_16' title="bbox 60 2180 1097 2283; baseline 0.005 -35"><span class='ocrx_word' id='word_1_112' title='bbox 60 2203 93 2250; x_wconf 88' lang='lat' dir='ltr'>an</span> <span class='ocrx_word' id='word_1_113' title='bbox 114 2180 282 2280; x_wconf 92' lang='lat' dir='ltr'>quoniam</span> <span class='ocrx_word' id='word_1_114' title='bbox 305 2181 343 2253; x_wconf 93' lang='lat' dir='ltr'>id</span> <span class='ocrx_word' id='word_1_115' title='bbox 368 2182 466 2254; x_wconf 92' lang='lat' dir='ltr'>diviti</span> <span class='ocrx_word' id='word_1_116' title='bbox 489 2183 692 2283; x_wconf 83' lang='lat' dir='ltr'>praestabat,</span> <span class='ocrx_word' id='word_1_117' title='bbox 721 2202 893 2281; x_wconf 83' lang='lat' dir='ltr'>rapuerat.</span> <span class='ocrx_word' id='word_1_118' title='bbox 922 2182 1097 2254; x_wconf 86' lang='lat' dir='ltr'>Parasitus</span> 
     </span>
     <span class='ocr_line' id='line_1_17' title="bbox 61 2295 1096 2393; baseline 0.004 -29"><span class='ocrx_word' id='word_1_119' title='bbox 61 2295 165 2393; x_wconf 87' lang='lat' dir='ltr'>rapuit.</span> <span class='ocrx_word' id='word_1_120' title='bbox 181 2295 283 2385; x_wconf 89' lang='lat' dir='ltr'>Quid</span> <span class='ocrx_word' id='word_1_121' title='bbox 297 2295 371 2367; x_wconf 87' lang='lat' dir='ltr'>ais?</span> <span class='ocrx_word' id='word_1_122' title='bbox 384 2296 591 2375; x_wconf 90' lang='lat' dir='ltr'>tantumilli</span> <span class='ocrx_word' id='word_1_123' title='bbox 606 2295 761 2368; x_wconf 85' lang='lat' dir='ltr'>vacuit²?</span> <span class='ocrx_word' id='word_1_124' title='bbox 774 2296 907 2368; x_wconf 89' lang='lat' dir='ltr'>adeone</span> <span class='ocrx_word' id='word_1_125' title='bbox 920 2300 1096 2368; x_wconf 89' lang='lat' dir='ltr'>saturitate</span> 
     </span>
     <span class='ocr_line' id='line_1_18' title="bbox 61 2409 1095 2511; baseline 0.005 -34"><span class='ocrx_word' id='word_1_126' title='bbox 61 2409 135 2507; x_wconf 89' lang='lat' dir='ltr'>apud</span> <span class='ocrx_word' id='word_1_127' title='bbox 155 2431 187 2482; x_wconf 94' lang='lat' dir='ltr'>te</span> <span class='ocrx_word' id='word_1_128' title='bbox 212 2411 418 2501; x_wconf 82' lang='lat' dir='ltr'>exundavit,</span> <span class='ocrx_word' id='word_1_129' title='bbox 440 2432 480 2482; x_wconf 93' lang='lat' dir='ltr'>ut</span> <span class='ocrx_word' id='word_1_130' title='bbox 499 2410 582 2485; x_wconf 89' lang='lat' dir='ltr'>vilia</span> <span class='ocrx_word' id='word_1_131' title='bbox 604 2433 713 2484; x_wconf 91' lang='lat' dir='ltr'>scorta</span> <span class='ocrx_word' id='word_1_132' title='bbox 730 2439 802 2482; x_wconf 91' lang='lat' dir='ltr'>non</span> <span class='ocrx_word' id='word_1_133' title='bbox 820 2433 1008 2511; x_wconf 83' lang='lat' dir='ltr'>quaereret,</span> <span class='ocrx_word' id='word_1_134' title='bbox 1034 2411 1095 2510; x_wconf 95' lang='lat' dir='ltr'>qui</span> 
     </span>
     <span class='ocr_line' id='line_1_19' title="bbox 61 2525 1096 2622; baseline 0.003 -29"><span class='ocrx_word' id='word_1_135' title='bbox 61 2525 208 2597; x_wconf 89' lang='lat' dir='ltr'>omnibus</span> <span class='ocrx_word' id='word_1_136' title='bbox 225 2546 407 2599; x_wconf 86' lang='lat' dir='ltr'>contentus</span> <span class='ocrx_word' id='word_1_137' title='bbox 425 2526 496 2599; x_wconf 84' lang='lat' dir='ltr'>est?</span> <span class='ocrx_word' id='word_1_138' title='bbox 513 2553 558 2597; x_wconf 89' lang='lat' dir='ltr'>an</span> <span class='ocrx_word' id='word_1_139' title='bbox 573 2525 667 2598; x_wconf 85' lang='lat' dir='ltr'>solus</span> <span class='ocrx_word' id='word_1_140' title='bbox 679 2526 799 2598; x_wconf 90' lang='lat' dir='ltr'>oculos</span> <span class='ocrx_word' id='word_1_141' title='bbox 816 2526 861 2596; x_wconf 94' lang='lat' dir='ltr'>ad</span> <span class='ocrx_word' id='word_1_142' title='bbox 876 2526 1047 2622; x_wconf 77' lang='lat' dir='ltr'>ingenuas</span> <span class='ocrx_word' id='word_1_143' title='bbox 1063 2546 1096 2596; x_wconf 93' lang='lat' dir='ltr'>et</span> 
     </span>
     <span class='ocr_line' id='line_1_20' title="bbox 61 2639 1096 2741; baseline 0.002 -33"><span class='ocrx_word' id='word_1_144' title='bbox 61 2639 94 2710; x_wconf 89' lang='lat' dir='ltr'>ad</span> <span class='ocrx_word' id='word_1_145' title='bbox 104 2640 270 2741; x_wconf 78' lang='lat' dir='ltr'>virgines,</span> <span class='ocrx_word' id='word_1_146' title='bbox 288 2663 323 2715; x_wconf 90' lang='lat' dir='ltr'>et</span> <span class='ocrx_word' id='word_1_147' title='bbox 336 2643 492 2740; x_wconf 83' lang='lat' dir='ltr'>aliquem</span> <span class='ocrx_word' id='word_1_148' title='bbox 508 2641 613 2713; x_wconf 87' lang='lat' dir='ltr'>etiam</span> <span class='ocrx_word' id='word_1_149' title='bbox 629 2661 783 2740; x_wconf 89' lang='lat' dir='ltr'>petentes</span> <span class='ocrx_word' id='word_1_150' title='bbox 802 2640 975 2711; x_wconf 89' lang='lat' dir='ltr'>honorem</span> <span class='ocrx_word' id='word_1_151' title='bbox 992 2639 1096 2710; x_wconf 87' lang='lat' dir='ltr'>attol-</span> 
     </span>
     <span class='ocr_line' id='line_1_21' title="bbox 27 2752 1095 2857; baseline 0.001 -31"><span class='ocrx_word' id='word_1_152' title='bbox 27 2758 30 2767; x_wconf 88' lang='lat'>&#39;</span> <span class='ocrx_word' id='word_1_153' title='bbox 61 2752 146 2831; x_wconf 86' lang='lat' dir='ltr'>leret?</span> <span class='ocrx_word' id='word_1_154' title='bbox 157 2761 349 2857; x_wconf 85' lang='lat' dir='ltr'>Nunquam</span> <span class='ocrx_word' id='word_1_155' title='bbox 371 2759 514 2832; x_wconf 90' lang='lat' dir='ltr'>hercule</span> <span class='ocrx_word' id='word_1_156' title='bbox 532 2779 605 2830; x_wconf 92' lang='lat' dir='ltr'>tam</span> <span class='ocrx_word' id='word_1_157' title='bbox 619 2757 759 2828; x_wconf 87' lang='lat' dir='ltr'>felicem</span> <span class='ocrx_word' id='word_1_158' title='bbox 777 2758 878 2828; x_wconf 89' lang='lat' dir='ltr'>istam</span> <span class='ocrx_word' id='word_1_159' title='bbox 894 2755 1095 2827; x_wconf 88' lang='lat' dir='ltr'>servitutem</span> 
     </span>
    </p>
   </div>
   <div class='ocr_carea' id='block_1_3' title="bbox 34 2948 1155 4155">
    <p class='ocr_par' dir='ltr' id='par_1_3' title="bbox 34 2948 1155 4155">
     <span class='ocr_line' id='line_1_22' title="bbox 62 2948 1102 3040; baseline -0.005 -25"><span class='ocrx_word' id='word_1_160' title='bbox 62 2961 102 3030; x_wconf 81' lang='lat' dir='ltr'>ipsa</span> <span class='ocrx_word' id='word_1_161' title='bbox 118 2964 201 3040; x_wconf 66' lang='lat' dir='ltr'>lepram</span> <span class='ocrx_word' id='word_1_162' title='bbox 222 2976 330 3030; x_wconf 83' lang='lat' dir='ltr'>natura,</span> <span class='ocrx_word' id='word_1_163' title='bbox 351 2965 425 3036; x_wconf 91' lang='lat' dir='ltr'>quod</span> <span class='ocrx_word' id='word_1_164' title='bbox 442 2963 547 3016; x_wconf 88' lang='lat' dir='ltr'>videtur</span> <span class='ocrx_word' id='word_1_165' title='bbox 587 2980 680 3013; x_wconf 90' lang='lat' dir='ltr'>rumor</span> <span class='ocrx_word' id='word_1_166' title='bbox 688 2961 878 3032; x_wconf 85' lang='lat' dir='ltr'>eratpauperis</span> <span class='ocrx_word' id='word_1_167' title='bbox 889 2948 1102 3010; x_wconf 82' lang='lat' dir='ltr'>filiamfuturaru¹</span> 
     </span>
     <span class='ocr_line' id='line_1_23' title="bbox 63 3041 1094 3117; baseline 0.002 -26"><span class='ocrx_word' id='word_1_168' title='bbox 63 3044 176 3113; x_wconf 83' lang='lat' dir='ltr'>requirere</span> <span class='ocrx_word' id='word_1_169' title='bbox 187 3063 305 3116; x_wconf 83' lang='lat' dir='ltr'>sequens</span> <span class='ocrx_word' id='word_1_170' title='bbox 318 3045 385 3117; x_wconf 83' lang='lat' dir='ltr'>ipsis.</span> <span class='ocrx_word' id='word_1_171' title='bbox 399 3047 430 3094; x_wconf 89' lang='lat' dir='ltr'>ln</span> <span class='ocrx_word' id='word_1_172' title='bbox 445 3043 547 3114; x_wconf 73' lang='lat' dir='ltr'>legibus</span> <span class='ocrx_word' id='word_1_173' title='bbox 588 3045 763 3097; x_wconf 83' lang='lat' dir='ltr'>sacerdotem.</span> <span class='ocrx_word' id='word_1_174' title='bbox 788 3045 854 3094; x_wconf 87' lang='lat' dir='ltr'>Eam</span> <span class='ocrx_word' id='word_1_175' title='bbox 885 3043 1017 3112; x_wconf 84' lang='lat' dir='ltr'>parasitus</span> <span class='ocrx_word' id='word_1_176' title='bbox 1045 3041 1094 3093; x_wconf 91' lang='lat' dir='ltr'>sub</span> 
     </span>
     <span class='ocr_line' id='line_1_24' title="bbox 62 3120 1094 3195; baseline -0.009 -14"><span class='ocrx_word' id='word_1_177' title='bbox 62 3120 126 3189; x_wconf 65' lang='lat' dir='ltr'>lllffl,</span> <span class='ocrx_word' id='word_1_178' title='bbox 136 3142 190 3175; x_wconf 79' lang='lat' dir='ltr'>110ss</span> <span class='ocrx_word' id='word_1_179' title='bbox 203 3124 232 3174; x_wconf 72' lang='lat' dir='ltr'>ln</span> <span class='ocrx_word' id='word_1_180' title='bbox 250 3136 345 3175; x_wconf 72' lang='lat' dir='ltr'>natura</span> <span class='ocrx_word' id='word_1_181' title='bbox 365 3138 468 3189; x_wconf 73' lang='lat' dir='ltr'>terum,</span> <span class='ocrx_word' id='word_1_182' title='bbox 486 3120 548 3172; x_wconf 77' lang='lat' dir='ltr'>nul·</span> <span class='ocrx_word' id='word_1_183' title='bbox 588 3126 658 3180; x_wconf 86' lang='lat' dir='ltr'>diem</span> <span class='ocrx_word' id='word_1_184' title='bbox 666 3122 1043 3195; x_wconf 78' lang='lat' dir='ltr'>mysteriorum,submissusa</span> <span class='ocrx_word' id='word_1_185' title='bbox 1053 3120 1094 3173; x_wconf 90' lang='lat' dir='ltr'>di-</span> 
     </span>
     <span class='ocr_line' id='line_1_25' title="bbox 63 3196 1095 3291; baseline 0.002 -38"><span class='ocrx_word' id='word_1_186' title='bbox 63 3196 102 3253; x_wconf 86' lang='lat' dir='ltr'>lun</span> <span class='ocrx_word' id='word_1_187' title='bbox 110 3219 145 3257; x_wconf 88' lang='lat' dir='ltr'>est</span> <span class='ocrx_word' id='word_1_188' title='bbox 154 3204 299 3258; x_wconf 86' lang='lat' dir='ltr'>discrimen</span> <span class='ocrx_word' id='word_1_189' title='bbox 309 3217 450 3257; x_wconf 85' lang='lat' dir='ltr'>servatum.</span> <span class='ocrx_word' id='word_1_190' title='bbox 460 3203 544 3254; x_wconf 85' lang='lat' dir='ltr'>Bumr.</span> <span class='ocrx_word' id='word_1_191' title='bbox 586 3210 654 3291; x_wconf 86' lang='lat' dir='ltr'>vite,</span> <span class='ocrx_word' id='word_1_192' title='bbox 665 3207 762 3276; x_wconf 87' lang='lat' dir='ltr'>rapuit.</span> <span class='ocrx_word' id='word_1_193' title='bbox 771 3205 850 3256; x_wconf 85' lang='lat' dir='ltr'>Dives</span> <span class='ocrx_word' id='word_1_194' title='bbox 859 3223 909 3276; x_wconf 86' lang='lat' dir='ltr'>pro</span> <span class='ocrx_word' id='word_1_195' title='bbox 920 3204 1038 3275; x_wconf 85' lang='lat' dir='ltr'>parasito</span> <span class='ocrx_word' id='word_1_196' title='bbox 1048 3202 1095 3255; x_wconf 93' lang='lat' dir='ltr'>ob·</span> 
     </span>
     <span class='ocr_line' id='line_1_26' title="bbox 89 3281 1096 3356; baseline 0.001 -23"><span class='ocrx_word' id='word_1_197' title='bbox 89 3284 274 3356; x_wconf 70' lang='lat' dir='ltr'>ndrpumenti.</span> <span class='ocrx_word' id='word_1_198' title='bbox 282 3283 314 3334; x_wconf 85' lang='lat' dir='ltr'>Et</span> <span class='ocrx_word' id='word_1_199' title='bbox 323 3295 510 3353; x_wconf 66' lang='lat' dir='ltr'>argumentum</span> <span class='ocrx_word' id='word_1_200' title='bbox 520 3295 547 3334; x_wconf 89' lang='lat' dir='ltr'>et</span> <span class='ocrx_word' id='word_1_201' title='bbox 587 3285 648 3336; x_wconf 90' lang='lat' dir='ltr'>tulit</span> <span class='ocrx_word' id='word_1_202' title='bbox 660 3283 753 3336; x_wconf 87' lang='lat' dir='ltr'>decern</span> <span class='ocrx_word' id='word_1_203' title='bbox 765 3281 847 3334; x_wconf 82' lang='lat' dir='ltr'>millia</span> <span class='ocrx_word' id='word_1_204' title='bbox 857 3284 997 3352; x_wconf 74' lang='lat' dir='ltr'>riuscripti</span> <span class='ocrx_word' id='word_1_205' title='bbox 1012 3282 1096 3334; x_wconf 89' lang='lat' dir='ltr'>male-</span> 
     </span>
     <span class='ocr_line' id='line_1_27' title="bbox 62 3355 1094 3434; baseline 0.003 -25"><span class='ocrx_word' id='word_1_206' title='bbox 62 3355 144 3413; x_wconf 84' lang='lat' dir='ltr'>lnitium</span> <span class='ocrx_word' id='word_1_207' title='bbox 158 3364 238 3434; x_wconf 87' lang='lat' dir='ltr'>hujus</span> <span class='ocrx_word' id='word_1_208' title='bbox 252 3361 458 3414; x_wconf 82' lang='lat' dir='ltr'>Declamationis</span> <span class='ocrx_word' id='word_1_209' title='bbox 476 3361 547 3413; x_wconf 90' lang='lat' dir='ltr'>desi·</span> <span class='ocrx_word' id='word_1_210' title='bbox 588 3364 640 3414; x_wconf 84' lang='lat' dir='ltr'>licii</span> <span class='ocrx_word' id='word_1_211' title='bbox 653 3380 714 3414; x_wconf 87' lang='lat' dir='ltr'>reus</span> <span class='ocrx_word' id='word_1_212' title='bbox 727 3375 775 3413; x_wconf 86' lang='lat' dir='ltr'>est.</span> <span class='ocrx_word' id='word_1_213' title='bbox 790 3364 829 3412; x_wconf 88' lang='lat' dir='ltr'>De</span> <span class='ocrx_word' id='word_1_214' title='bbox 840 3359 891 3411; x_wconf 87' lang='lat' dir='ltr'>hac</span> <span class='ocrx_word' id='word_1_215' title='bbox 908 3379 989 3430; x_wconf 89' lang='lat' dir='ltr'>poena</span> <span class='ocrx_word' id='word_1_216' title='bbox 1001 3359 1094 3412; x_wconf 86' lang='lat' dir='ltr'>decem</span> 
     </span>
     <span class='ocr_line' id='line_1_28' title="bbox 63 3434 1095 3514; baseline 0.003 -27"><span class='ocrx_word' id='word_1_217' title='bbox 63 3434 165 3494; x_wconf 78' lang='lat' dir='ltr'>deretur:</span> <span class='ocrx_word' id='word_1_218' title='bbox 184 3442 231 3495; x_wconf 88' lang='lat' dir='ltr'>sed</span> <span class='ocrx_word' id='word_1_219' title='bbox 248 3445 346 3514; x_wconf 80' lang='lat' dir='ltr'>partim</span> <span class='ocrx_word' id='word_1_220' title='bbox 366 3461 398 3494; x_wconf 83' lang='lat' dir='ltr'>ex</span> <span class='ocrx_word' id='word_1_221' title='bbox 413 3460 460 3504; x_wconf 86' lang='lat' dir='ltr'>co,</span> <span class='ocrx_word' id='word_1_222' title='bbox 476 3439 549 3512; x_wconf 91' lang='lat' dir='ltr'>quod</span> <span class='ocrx_word' id='word_1_223' title='bbox 587 3442 699 3492; x_wconf 88' lang='lat' dir='ltr'>millium</span> <span class='ocrx_word' id='word_1_224' title='bbox 717 3439 815 3491; x_wconf 82' lang='lat' dir='ltr'>Fabius</span> <span class='ocrx_word' id='word_1_225' title='bbox 835 3451 927 3490; x_wconf 86' lang='lat' dir='ltr'>noster</span> <span class='ocrx_word' id='word_1_226' title='bbox 944 3439 1095 3490; x_wconf 81' lang='lat' dir='ltr'>Institutio-</span> 
     </span>
     <span class='ocr_line' id='line_1_29' title="bbox 62 3516 1155 3591; baseline 0.002 -23"><span class='ocrx_word' id='word_1_227' title='bbox 62 3516 172 3590; x_wconf 82' lang='lat' dir='ltr'>reliquum</span> <span class='ocrx_word' id='word_1_228' title='bbox 181 3533 234 3587; x_wconf 88' lang='lat' dir='ltr'>est,</span> <span class='ocrx_word' id='word_1_229' title='bbox 243 3523 340 3591; x_wconf 89' lang='lat' dir='ltr'>partim</span> <span class='ocrx_word' id='word_1_230' title='bbox 351 3540 382 3572; x_wconf 83' lang='lat' dir='ltr'>ex</span> <span class='ocrx_word' id='word_1_231' title='bbox 391 3533 547 3590; x_wconf 71' lang='lat' dir='ltr'>argumento</span> <span class='ocrx_word' id='word_1_232' title='bbox 587 3537 652 3570; x_wconf 86' lang='lat' dir='ltr'>num</span> <span class='ocrx_word' id='word_1_233' title='bbox 666 3532 733 3570; x_wconf 87' lang='lat' dir='ltr'>orat.</span> <span class='ocrx_word' id='word_1_234' title='bbox 751 3519 798 3569; x_wconf 86' lang='lat' dir='ltr'>lib.</span> <span class='ocrx_word' id='word_1_235' title='bbox 810 3519 870 3581; x_wconf 88' lang='lat' dir='ltr'>Vll,</span> <span class='ocrx_word' id='word_1_236' title='bbox 883 3534 942 3587; x_wconf 86' lang='lat' dir='ltr'>cap.</span> <span class='ocrx_word' id='word_1_237' title='bbox 960 3517 990 3583; x_wconf 75' lang='grc'>4,</span> <span class='ocrx_word' id='word_1_238' title='bbox 1007 3517 1031 3583; x_wconf 70' lang='lat' dir='ltr'>S.</span> <span class='ocrx_word' id='word_1_239' title='bbox 1049 3517 1092 3570; x_wconf 83' lang='lat'>36.</span> <span class='ocrx_word' id='word_1_240' title='bbox 1148 3565 1155 3576; x_wconf 77' lang='grc'>,</span> 
     </span>
     <span class='ocr_line' id='line_1_30' title="bbox 63 3591 1095 3672; baseline 0.002 -25"><span class='ocrx_word' id='word_1_241' title='bbox 63 3591 246 3652; x_wconf 66' lang='lat' dir='ltr'>declamationis</span> <span class='ocrx_word' id='word_1_242' title='bbox 260 3599 412 3666; x_wconf 83' lang='lat' dir='ltr'>OCCLXX,</span> <span class='ocrx_word' id='word_1_243' title='bbox 426 3601 508 3664; x_wconf 80' lang='lat' dir='ltr'>infra,</span> <span class='ocrx_word' id='word_1_244' title='bbox 522 3612 549 3649; x_wconf 88' lang='lat' dir='ltr'>et</span> <span class='ocrx_word' id='word_1_245' title='bbox 587 3601 626 3650; x_wconf 87' lang='lat' dir='ltr'>Ea</span> <span class='ocrx_word' id='word_1_246' title='bbox 635 3601 748 3672; x_wconf 86' lang='lat' dir='ltr'>primum</span> <span class='ocrx_word' id='word_1_247' title='bbox 760 3598 817 3669; x_wconf 78' lang='lat' dir='ltr'>lege</span> <span class='ocrx_word' id='word_1_248' title='bbox 825 3597 939 3650; x_wconf 83' lang='lat' dir='ltr'>Scotinia</span> <span class='ocrx_word' id='word_1_249' title='bbox 950 3599 1095 3649; x_wconf 85' lang='lat' dir='ltr'>constituta</span> 
     </span>
     <span class='ocr_line' id='line_1_31' title="bbox 64 3674 1094 3751; baseline 0.004 -24"><span class='ocrx_word' id='word_1_250' title='bbox 64 3674 547 3744; x_wconf 77' lang='lat' dir='ltr'>exsenecacomrov.tib.11,2,thema</span> <span class='ocrx_word' id='word_1_251' title='bbox 587 3694 635 3732; x_wconf 89' lang='lat' dir='ltr'>est.</span> <span class='ocrx_word' id='word_1_252' title='bbox 658 3684 740 3733; x_wconf 89' lang='lat' dir='ltr'>Porro</span> <span class='ocrx_word' id='word_1_253' title='bbox 760 3679 824 3751; x_wconf 91' lang='lat' dir='ltr'>quid</span> <span class='ocrx_word' id='word_1_254' title='bbox 841 3681 874 3731; x_wconf 89' lang='lat' dir='ltr'>sit</span> <span class='ocrx_word' id='word_1_255' title='bbox 893 3681 1022 3750; x_wconf 88' lang='lat' dir='ltr'>scriptum</span> <span class='ocrx_word' id='word_1_256' title='bbox 1040 3681 1094 3731; x_wconf 80' lang='lat' dir='ltr'>sire</span> 
     </span>
     <span class='ocr_line' id='line_1_32' title="bbox 64 3747 1092 3833; baseline -0.001 -23"><span class='ocrx_word' id='word_1_257' title='bbox 64 3747 134 3827; x_wconf 54' lang='lat' dir='ltr'>colligi</span> <span class='ocrx_word' id='word_1_258' title='bbox 144 3760 276 3812; x_wconf 86' lang='lat' dir='ltr'>etrestitui</span> <span class='ocrx_word' id='word_1_259' title='bbox 285 3771 376 3830; x_wconf 90' lang='lat' dir='ltr'>potest</span> <span class='ocrx_word' id='word_1_260' title='bbox 386 3759 437 3810; x_wconf 92' lang='lat' dir='ltr'>hoc</span> <span class='ocrx_word' id='word_1_261' title='bbox 447 3759 544 3810; x_wconf 90' lang='lat' dir='ltr'>modo:</span> <span class='ocrx_word' id='word_1_262' title='bbox 586 3762 743 3833; x_wconf 77' lang='lat' dir='ltr'>inscriptum</span> <span class='ocrx_word' id='word_1_263' title='bbox 759 3760 931 3825; x_wconf 84' lang='lat' dir='ltr'>maleficium,</span> <span class='ocrx_word' id='word_1_264' title='bbox 944 3758 1003 3810; x_wconf 81' lang='lat' dir='ltr'>vide</span> <span class='ocrx_word' id='word_1_265' title='bbox 1018 3758 1092 3810; x_wconf 73' lang='lat' dir='ltr'>nect.</span> 
     </span>
     <span class='ocr_line' id='line_1_33' title="bbox 67 3835 1094 3912; baseline -0.001 -25"><span class='ocrx_word' id='word_1_266' title='bbox 67 3835 194 3895; x_wconf 80' lang='lat' dir='ltr'>·Sacerdos</span> <span class='ocrx_word' id='word_1_267' title='bbox 210 3855 285 3896; x_wconf 87' lang='lat' dir='ltr'>casta</span> <span class='ocrx_word' id='word_1_268' title='bbox 304 3862 318 3895; x_wconf 92' lang='lat' dir='ltr'>e</span> <span class='ocrx_word' id='word_1_269' title='bbox 332 3844 425 3906; x_wconf 85' lang='lat' dir='ltr'>castis,</span> <span class='ocrx_word' id='word_1_270' title='bbox 444 3860 512 3912; x_wconf 89' lang='lat' dir='ltr'>pura</span> <span class='ocrx_word' id='word_1_271' title='bbox 531 3860 545 3893; x_wconf 90' lang='lat' dir='ltr'>e</span> <span class='ocrx_word' id='word_1_272' title='bbox 585 3836 1094 3893; x_wconf 52' lang='lat' dir='ltr'>Cttcxttv.P.AEa001us.ct.sschul-</span> 
     </span>
     <span class='ocr_line' id='line_1_34' title="bbox 67 3914 1095 3994; baseline -0.004 -23"><span class='ocrx_word' id='word_1_273' title='bbox 67 3922 143 3987; x_wconf 78' lang='lat' dir='ltr'>·ptrrls</span> <span class='ocrx_word' id='word_1_274' title='bbox 153 3926 192 3976; x_wconf 85' lang='lat' dir='ltr'>sit.</span> <span class='ocrx_word' id='word_1_275' title='bbox 212 3926 266 3993; x_wconf 84' lang='lat' dir='ltr'>Qui</span> <span class='ocrx_word' id='word_1_276' title='bbox 283 3925 426 3994; x_wconf 78' lang='lat' dir='ltr'>ingenuam</span> <span class='ocrx_word' id='word_1_277' title='bbox 439 3937 546 3994; x_wconf 86' lang='lat' dir='ltr'>stupra·</span> <span class='ocrx_word' id='word_1_278' title='bbox 585 3922 682 3991; x_wconf 78' lang='lat' dir='ltr'>tingius</span> <span class='ocrx_word' id='word_1_279' title='bbox 692 3919 811 3991; x_wconf 79' lang='lat' dir='ltr'>legebat,</span> <span class='ocrx_word' id='word_1_280' title='bbox 823 3914 1095 3992; x_wconf 71' lang='lat' dir='ltr'>arpumentosatr&#39;svel</span> 
     </span>
     <span class='ocr_line' id='line_1_35' title="bbox 34 3996 852 4074; baseline -0.001 -22"><span class='ocrx_word' id='word_1_281' title='bbox 34 4042 38 4047; x_wconf 94' lang='lat'>.</span> <span class='ocrx_word' id='word_1_282' title='bbox 68 3999 149 4065; x_wconf 71' lang='lat' dir='ltr'>⁸verit,</span> <span class='ocrx_word' id='word_1_283' title='bbox 160 4001 203 4055; x_wconf 83' lang='lat' dir='ltr'>det</span> <span class='ocrx_word' id='word_1_284' title='bbox 216 4003 310 4054; x_wconf 89' lang='lat' dir='ltr'>decem</span> <span class='ocrx_word' id='word_1_285' title='bbox 321 3996 412 4053; x_wconf 88' lang='lat' dir='ltr'>millia.</span> <span class='ocrx_word' id='word_1_286' title='bbox 423 4004 547 4073; x_wconf 83' lang='lat' dir='ltr'>Inscripti</span> <span class='ocrx_word' id='word_1_287' title='bbox 587 4019 639 4053; x_wconf 86' lang='lat' dir='ltr'>uno</span> <span class='ocrx_word' id='word_1_288' title='bbox 645 4001 751 4074; x_wconf 77' lang='lat' dir='ltr'>probari</span> <span class='ocrx_word' id='word_1_289' title='bbox 756 4001 852 4071; x_wconf 82' lang='lat' dir='ltr'>potuit.</span> 
     </span>
     <span class='ocr_line' id='line_1_36' title="bbox 67 4079 1093 4155; baseline 0.005 -29"><span class='ocrx_word' id='word_1_290' title='bbox 67 4079 187 4136; x_wconf 76' lang='lat' dir='ltr'>«maleficii</span> <span class='ocrx_word' id='word_1_291' title='bbox 205 4087 240 4136; x_wconf 87' lang='lat' dir='ltr'>sit</span> <span class='ocrx_word' id='word_1_292' title='bbox 256 4087 359 4137; x_wconf 49' lang='lat' dir='ltr'>action</span> <span class='ocrx_word' id='word_1_293' title='bbox 374 4085 500 4155; x_wconf 87' lang='lat' dir='ltr'>Pauperis</span> <span class='ocrx_word' id='word_1_294' title='bbox 520 4097 546 4134; x_wconf 88' lang='lat' dir='ltr'>et</span> <span class='ocrx_word' id='word_1_295' title='bbox 623 4100 646 4133; x_wconf 83' lang='lat'>2.</span> <span class='ocrx_word' id='word_1_296' title='bbox 663 4083 763 4134; x_wconf 75' lang='lat' dir='ltr'>Vacuit.</span> <span class='ocrx_word' id='word_1_297' title='bbox 775 4081 940 4152; x_wconf 76' lang='lat' dir='ltr'>Schultingio</span> <span class='ocrx_word' id='word_1_298' title='bbox 954 4079 1093 4152; x_wconf 83' lang='lat' dir='ltr'>placebat,</span> 
     </span>
    </p>
   </div>
   <div class='ocr_carea' id='block_1_4' title="bbox 66 4147 1092 4304">
    <p class='ocr_par' dir='ltr' id='par_1_4' title="bbox 66 4147 1092 4304">
     <span class='ocr_line' id='line_1_37' title="bbox 66 4147 1092 4236; baseline 0.001 -25"><span class='ocrx_word' id='word_1_299' title='bbox 66 4147 136 4211; x_wconf 73' lang='lat' dir='ltr'>divitis</span> <span class='ocrx_word' id='word_1_300' title='bbox 146 4159 199 4214; x_wconf 76' lang='lat' dir='ltr'>filice</span> <span class='ocrx_word' id='word_1_301' title='bbox 209 4162 340 4235; x_wconf 83' lang='lat' dir='ltr'>petebant</span> <span class='ocrx_word' id='word_1_302' title='bbox 351 4161 544 4215; x_wconf 82' lang='lat' dir='ltr'>sacerdotium:</span> <span class='ocrx_word' id='word_1_303' title='bbox 582 4163 695 4236; x_wconf 59' lang='lat' dir='ltr'>placuit·</span> <span class='ocrx_word' id='word_1_304' title='bbox 702 4165 814 4216; x_wconf 76' lang='lat' dir='ltr'>Francia</span> <span class='ocrx_word' id='word_1_305' title='bbox 824 4175 851 4214; x_wconf 92' lang='lat' dir='ltr'>et</span> <span class='ocrx_word' id='word_1_306' title='bbox 856 4161 958 4214; x_wconf 89' lang='lat' dir='ltr'>Pithoeo</span> <span class='ocrx_word' id='word_1_307' title='bbox 966 4200 974 4229; x_wconf 97' lang='lat'>,</span> <span class='ocrx_word' id='word_1_308' title='bbox 983 4162 1092 4212; x_wconf 81' lang='lat' dir='ltr'>vacarit.</span> 
     </span>
     <span class='ocr_line' id='line_1_38' title="bbox 942 4253 1033 4304; baseline 0 -43"><span class='ocrx_word' id='word_1_309' title='bbox 942 4253 966 4304; x_wconf 44' lang='lat'>3,</span> <span class='ocrx_word' id='word_1_310' title='bbox 1031 4256 1033 4261; x_wconf 92' lang='lat'>.</span> 
     </span>
    </p>
   </div>
   <div class='ocr_carea' id='block_1_5' title="bbox 0 0 1318 4816">
    <p class='ocr_par' dir='ltr' id='par_1_5' title="bbox 0 0 1318 4816">
     <span class='ocr_line' id='line_1_39' title="bbox 0 0 1318 4816; baseline 0 0"><span class='ocrx_word' id='word_1_311' title='bbox 0 0 1318 4816; x_wconf 95' lang='lat' dir='ltr'> </span> 
     </span>
    </p>
   </div>
  </div>
 </body>
</html>
