2626 4816
270 367 695 435 DECLAMATIONES.
719 369 861 433 CCLII.
1051 369 1091 436 33

391 564 743 630 DECLAMATIO.

95 715 250 821 Inscripti
268 721 433 794 maleficii
458 722 587 821 agitur:
613 749 724 821 quum
746 721 938 794 maximam
960 743 1093 824 partem

61 835 259 910 defensionis
283 837 497 911 adversarius
521 837 559 909 in
584 838 649 908 hoc
674 836 799 926 ducat,
825 858 864 909 ut
884 837 1094 938 inscriptum

52 977 115 1035 ,esse
128 950 348 1023 maleficium
361 973 477 1051 neget,
489 974 628 1054 poterat
643 952 738 1023 brevi
755 952 954 1025 conditione
967 953 1094 1047 decidi,

61 1068 226 1141 utdiceret
241 1096 311 1168 qua
321 1069 389 1142 alia
402 1070 479 1168 lege
492 1096 573 1140 cum
589 1068 676 1140 alio¹
697 1070 883 1142 consistere
897 1072 1094 1171 potuerim:

59 1209 153 1273 nunc,
172 1172 303 1255 callido
321 1205 355 1256 et
368 1204 497 1275 vetere,
513 1209 552 1255 ac
567 1182 628 1254 diu
638 1181 716 1283 jam
730 1184 916 1283 excogitato
934 1186 1096 1280 consilio,

57 1298 156 1398 legem
170 1327 246 1372 nou
260 1299 305 1372 ad
320 1325 419 1373 reum
436 1300 553 1390 refert,
572 1298 630 1370 sed
643 1299 686 1369 ad
703 1300 854 1391 crimen,
870 1322 905 1372 et
917 1322 1097 1401 tamquam

57 1441 108 1516 ego
124 1416 217 1488 nibil
235 1415 350 1508 aliud,
372 1443 479 1516 quam
497 1416 539 1488 de
557 1416 684 1488 amissa
699 1416 894 1514 virginitate
912 1418 990 1489 filiae
1008 1446 1097 1517 que-

56 1556 115 1622 rar,
132 1531 255 1619 recitat
270 1531 405 1631 legem,
420 1558 496 1628 quae
512 1551 631 1603 contra
645 1551 797 1630 raptores
815 1533 938 1632 scripta
953 1553 1012 1605 est.
1023 1536 1097 1632 Ego

10 1716 12 1723 ,
54 1665 179 1736 autem,
198 1645 334 1718 etiamsi
350 1672 431 1717 cum
446 1646 522 1744 ipso
545 1672 703 1744 agerem,
726 1647 787 1745 qui
810 1670 987 1746 rapuerat,
1009 1670 1100 1748 potr·
1209 1658 1212 1663 “

55 1751 121 1832 ram
136 1781 257 1832 tamen
279 1787 352 1832 non
371 1780 552 1832 contentus
571 1779 596 1830 x
617 1760 791 1852 millibus,
813 1788 890 1860 quae
907 1764 1043 1862 accepi,
1061 1765 1098 1836 in

55 1887 296 1974 argumentum
316 1875 472 1974 inscripti
490 1873 654 1969 maleficii
678 1874 752 1974 lege
774 1903 873 1974 agere
891 1877 996 1950 etiam
1018 1906 1099 1951 cum

55 1992 206 2089 parasito.
217 1994 290 2063 Lex
304 1991 417 2081 enim,
439 2018 516 2089 quae
533 2011 558 2061 x
574 1990 686 2062 millia
698 1992 826 2063 solvere
845 2013 1018 2091 raptorem
1035 2020 1097 2094 pro

55 2104 157 2178 ablata
167 2106 367 2205 virginitate
377 2104 504 2197 voluit,
517 2128 635 2178 contra
648 2133 705 2179 cos
715 2106 844 2207 scripta
856 2128 923 2198 cst,
937 2108 998 2207 qui
1009 2108 1099 2180 nihil

57 2203 143 2292 iliud
161 2241 328 2320 egerunt:
346 2220 515 2291 differunt
527 2241 642 2293 autem
658 2221 729 2293 haec
743 2242 776 2293 et
785 2223 956 2320 personis,
970 2244 1003 2294 et
1017 2244 1100 2294 tem-

56 2336 206 2432 poribus,
220 2356 254 2407 et
264 2334 358 2407 locis.
371 2338 461 2406 Nam
473 2356 511 2406 ut
521 2336 675 2435 pulsatus
686 2335 770 2408 civis
781 2337 829 2439 inj
835 2336 993 2410 uriarum
1005 2359 1097 2437 aget,

57 2453 80 2524 si
98 2454 318 2554 magistratus
333 2457 414 2547 erit,
433 2456 622 2557 majestatis
643 2460 799 2532 crimeu²
816 2459 1050 2556 obligabitur:
1070 2458 1098 2531 si

57 2567 182 2668 legatus
203 2570 286 2661 erit,
310 2570 402 2643 bello
426 2573 659 2646 vindicabitur
680 2595 712 2646 et
733 2574 812 2672 jure
836 2573 1040 2672 gentium³z
1068 2593 1101 2646 et

58 2688 169 2760 eadem
187 2690 338 2789 pecunia
354 2690 489 2764 sublata
507 2717 545 2761 ex
560 2692 708 2789 privato,
729 2693 863 2762 furtum
886 2691 967 2776 erit;
990 2717 1029 2761 ex
1046 2718 1102 2762 sa·

58 2805 156 2876 erario
165 2805 367 2904 temploque
379 2806 611 2904 sacrilegium.
624 2807 681 2877 Sic
693 2826 807 2902 raptor
816 2806 906 2907 ejus,
921 2831 998 2903 quae
1008 2804 1100 2876 nihil

58 2918 163 3013 aliud,
182 2947 289 3017 quam
304 2922 536 3020 virginitatem
559 2922 675 2992 ultum
697 2921 778 3012 ibit,
798 2941 823 3006 x
842 2920 954 2991 millia
970 2919 1098 2992 solvet:

59 3034 118 3107 alia
136 3036 199 3108 erit
215 3035 368 3108 conditio
387 3038 477 3138 ejus,
492 3037 552 3135 qui
570 3036 723 3135 rapuerit
737 3037 773 3106 in
791 3035 960 3126 comitiis,
977 3036 1036 3135 qui
1055 3063 1101 3108 ra·

58 3151 161 3247 puerit
183 3179 279 3240 eam,
305 3177 382 3248 quae
405 3152 633 3223 sacerdotium
651 3152 804 3251 petebat;
823 3152 951 3241 immo,
976 3178 1020 3222 ne
1046 3151 1100 3222 in-

58 3288 163 3364 gratus
179 3269 246 3340 sim
261 3267 423 3341 adversus
437 3267 608 3339 beneficia
624 3267 765 3366 populi,
779 3265 853 3366 jam
870 3287 1043 3367 quantum
1061 3267 1097 3338 in

56 3383 112 3458 illo
125 3406 211 3478 erat,
226 3405 416 3483 acceperat.
433 3387 554 3483 Longa
565 3383 651 3456 ratio
665 3382 749 3472 est4,
766 3384 935 3482 quoniam
952 3383 987 3453 in
1002 3410 1099 3482 argu·

88 3556 110 3590 r.
120 3541 184 3591 Cum
191 3537 247 3591 alt'o
255 3537 397 3589 consistere.
407 3540 552 3607 legemem
630 3535 656 3586 3.
669 3535 706 3585 Et
709 3538 774 3608 jure
781 3534 911 3607 gentium.
920 3534 963 3584 Ex
964 3535 1027 3605 jure
1035 3551 1098 3604 gen-

54 3615 107 3670 illo.
119 3617 202 3670 Gnon.
211 3619 250 3668 lta
262 3631 289 3669 et
300 3620 450 3686 conjecerat
461 3614 555 3667 Schul·
594 3614 669 3666 uum.
682 3614 773 3666 Sonus.

51 3696 161 3766 tingius,
172 3710 199 3749 et
210 3695 445 3766 recepitObrecht.
630 3699 655 3764 4.
670 3697 762 3770 hosapa
781 3695 846 3748 ratio
863 3705 907 3747 est.
923 3692 953 3745 ld
971 3707 1023 3756 est,
1040 3691 1100 3745 lon·

84 3794 110 3828 2.
126 3775 272 3848 Majertatrlt
282 3775 388 3826 crimen.
400 3777 462 3844 leg,
479 3771 554 3824 ride·
592 3794 657 3848 pum
666 3786 715 3840 ert,
725 3776 791 3826 ratio
803 3793 854 3844 pro
867 3793 909 3840 re,
921 3770 1017 3824 deinde
1027 3770 1100 3841 lege,

50 3870 106 3921 tnr,
117 3857 235 3908 mine.
252 3858 325 3906 Para.
340 3853 429 3905 barth.
440 3852 552 3906 Advers.
593 3871 745 3927 quanquam
753 3853 783 3904 itt
791 3861 992 3926 argumentum,
1002 3861 1048 3901 etc.
1063 3848 1100 3899 lo·

48 3936 93 3989 lib.
103 3937 298 4008 X,c.3;legit:
309 3960 321 3982 ι
330 3937 477 4005 Majeatatrs
487 3935 554 3987 obli·
593 3953 668 4007 quar,
684 3949 714 3987 ut
727 3935 928 3987 Declamatione
945 3935 1011 4002 257:
1035 3930 1099 3981 «ue

50 4014 193 4086 agabitus,
212 4018 235 4067 si
252 4016 355 4084 legatus
373 4016 436 4082 erit,
454 4016 553 4067 crimen
597 4040 608 4062 a
619 4017 766 4086 argumenti
778 4014 886 4087 quidem
897 4008 1098 4068 enneadicendn

51 4095 144 4148 «bello
158 4095 370 4148 vindicabitur.»
594 4109 663 4146 sunt.
674 4118 685 4140 n
701 4095 812 4147 Senum

155 4186 181 4238 6.
940 4182 957 4235 3
